2612 4062
2093 190 2198 242 279

162 329 428 393 conditio,
472 330 563 382 ubi
603 330 842 384 diversae
881 333 1146 399 nationes,
1186 334 1424 404 politicis
1464 337 1517 388 et
1555 333 1824 404 religiosis
1864 334 2196 405 quaestioni-

160 404 256 456 bus
314 403 646 472 implicatae,
707 424 871 473 porro
919 407 1208 461 relationes
1268 408 1334 461 ad
1385 407 1721 461 Gubernium
1777 408 2197 478 prudentissima

157 495 317 530 manu
373 477 649 546 indigent,
710 479 1032 532 desiderium
1089 487 1298 545 movet,
1358 486 1421 535 ut
1490 481 1751 534 auxilium
1817 482 1984 546 illud,
2051 483 2194 552 quod

155 550 239 604 his
292 569 503 620 quoque
551 571 582 604 a
633 553 862 605 concilio
902 555 1107 623 sperari
1147 559 1354 625 potest,
1405 556 1744 625 peritissimis
1792 557 2194 611 consultoribus

156 629 523 694 praeparetur.

301 699 447 751 Haec
499 718 634 768 quae
685 699 925 753 animum
978 703 1040 754 de
1090 722 1146 756 re
1196 703 1512 774 gravissima
1563 708 1783 758 movent
1833 724 1989 758 sensa
2033 705 2194 758 fateri

155 774 292 836 Tibi,
335 773 772 826 Eminentissime
812 775 1066 839 Domine,
1116 777 1404 846 pastoralis
1446 779 1616 831 officii
1664 779 1890 849 cogebar
1929 779 2194 833 sollicitu-

153 848 291 911 dine,
334 852 395 900 ut
423 848 659 900 candidis
688 849 919 916 aspirem
960 851 1155 913 verbis,
1197 852 1325 920 quid
1365 852 1431 904 ad
1471 853 1679 905 felicem
1708 852 1936 906 Concilii
1969 853 2189 917 exitum,

152 922 198 974 si
238 921 452 991 quidem
491 922 549 974 in
575 926 732 975 tanta
760 923 999 975 omnium
1027 943 1207 977 rerum
1238 926 1596 979 commotione
1624 927 1943 998 congregari
1970 927 2190 996 poterit,

153 1014 391 1049 censeam
432 998 790 1048 necessarium
819 998 902 1050 vel
931 1003 1310 1067 opportunum.
1375 999 1460 1052 Ad
1487 1001 1562 1052 Te
1583 1002 1711 1070 jam,
1753 1001 2191 1055 Eminentissime

150 1069 409 1133 Domine,
462 1071 603 1123 dicta
654 1071 903 1135 remitto,
959 1076 1021 1125 ut
1059 1092 1157 1140 pro
1199 1073 1394 1126 eximia
1430 1093 1534 1143 qua
1574 1075 1789 1127 excellis
1830 1076 2095 1144 sapientia
2135 1079 2188 1128 et

150 1163 356 1207 rerum,
411 1164 544 1214 quae
597 1150 865 1216 aguntur,
921 1147 1146 1199 scientia
1197 1166 1256 1200 ea
1294 1149 1623 1211 examinare,
1680 1153 1734 1202 et
1775 1150 1819 1202 si
1860 1149 1988 1219 quid
2027 1150 2085 1202 in
2125 1150 2191 1202 iis

150 1219 386 1271 salutare
439 1219 522 1271 vel
560 1220 919 1272 adhibendum
957 1221 1254 1285 inveneriS,
1297 1222 1556 1291 dispicere
1597 1227 1651 1276 et
1689 1224 1755 1276 ad
1794 1224 2190 1293 beneplacitum

149 1293 322 1345 Tuum
365 1294 447 1346 uti
487 1294 742 1364 digneris

297 1367 399 1430 Qui
463 1386 582 1420 cum
647 1387 806 1421 sensu
863 1368 1312 1437 profundissimae
1376 1371 1742 1425 venerationis
1808 1375 1862 1425 et
1918 1391 2189 1425 sacrarum

148 1461 402 1494 manuum
443 1443 623 1495 osculo
663 1462 947 1512 permaneo

265 1530 434 1588 Pragae
465 1530 532 1575 dic
565 1533 633 1575 25.
666 1531 771 1575 Maii
809 1535 931 1576 1868.

1047 1592 1429 1637 Eminentissimae
1460 1593 1577 1637 Tuae
1610 1593 2013 1638 Reverendissimae
2045 1596 2127 1639 etc.

146 1895 221 1962 B.
240 1893 527 1964 Antwort
546 1896 657 1962 des
675 1894 860 1963 Card.
880 1893 1195 1962 Antonelli
1217 1895 1332 1962 auf
1347 1893 1797 1963 vorstehendes
1819 1893 2181 1964 Schreiben.

181 2067 619 2121 Eminentissime
659 2087 719 2120 ac
759 2067 1219 2120 Reverendissime
1246 2068 1476 2120 Domine
1515 2069 1587 2119 mi
1629 2066 2152 2121 Observandissime!

291 2185 507 2239 Accessi
545 2186 757 2239 litteras
816 2186 1152 2238 Eminentiae
1211 2187 1355 2238 Tuae
1419 2186 1483 2238 ad
1548 2204 1630 2237 me
1697 2186 1846 2238 datas
1907 2186 2183 2239 occa-sione

145 2260 522 2314 Oecumenicae
561 2261 772 2329 synodi,
815 2279 975 2329 quam
1017 2258 1187 2313 Smus.
1230 2260 1294 2312 D.
1339 2257 1404 2313 N.
1448 2259 1574 2312 Pius
1616 2259 1717 2314 PP.
1761 2259 1852 2314 IX.
1897 2259 2015 2313 Sibi
2053 2280 2181 2330 pro-

144 2336 330 2405 posuit
368 2335 751 2388 celebrandam.

293 2409 435 2472 Quae
475 2409 838 2462 Eminentiam
888 2409 1058 2461 Tuam
1104 2409 1170 2460 ad
1219 2408 1558 2461 scribendum
1606 2408 1827 2477 impulit
1879 2427 2004 2462 cura
2054 2428 2180 2478 pro-

143 2484 314 2553 priam
369 2483 516 2536 Sacri
574 2483 860 2537 Antistitis
910 2483 975 2535 ad
1028 2482 1361 2535 Universalis
1416 2482 1685 2535 Ecclesiae
1743 2484 1943 2536 bonum
1982 2483 2182 2536 intenti

144 2558 561 2611 sollicitudinem
601 2558 842 2627 apprime
880 2558 1062 2611 refert.

292 2632 506 2685 Interea
559 2651 692 2701 quae
744 2632 876 2685 scite
925 2634 1301 2701 sapienterque
1349 2631 1402 2683 in
1459 2630 1687 2698 epistola
1726 2630 2182 2684 animadvertebas

146 2707 208 2758 de
247 2707 565 2776 multiplicis
604 2726 665 2759 ac
703 2707 1002 2760 salebrosae
1039 2707 1293 2758 materiae
1332 2705 1390 2756 in
1418 2704 1635 2772 Synodo
1677 2705 1988 2757 tractandae
2026 2724 2182 2773 prae-

146 2781 523 2844 ordinatione,
588 2801 701 2834 non
759 2781 873 2833 sine
931 2780 1190 2849 peculiari
1249 2779 1428 2832 studio
1487 2797 1548 2830 ac
1605 2778 1824 2831 solertia
1886 2779 2179 2843 adnotasti,

145 2873 470 2925 magnopere
507 2856 765 2908 interesse
806 2859 866 2907 ut
907 2854 968 2905 ad
1006 2853 1384 2921 praeliminare
1423 2853 1524 2905 hoc
1565 2871 1698 2920 opus
1737 2853 1878 2904 tanti
1903 2853 2179 2917 momenti,

145 2930 414 2997 permulta
439 2948 500 2982 ac
526 2929 843 3000 gravissima
870 2927 1145 2980 doctrinae
1166 2927 1582 2995 disciplinaeque
1611 2926 1782 2994 capita
1805 2927 2179 2995 complectenS,

147 3003 477 3056 diversarum
530 3003 945 3057 institutionum
1002 3001 1105 3052 viri
1154 3001 1378 3053 scientia
1430 3005 1483 3053 et
1536 3000 1841 3052 eruditione
1890 3000 1949 3052 in
1989 3001 2179 3069 primis

145 3078 412 3146 pollentes
463 3087 517 3131 et
562 3078 807 3147 pluribus
861 3076 956 3127 hac
995 3075 1121 3126 illac
1159 3074 1616 3126 Universitatibus
1655 3078 2020 3138 assumantur,
2062 3075 2180 3143 qui-

145 3152 366 3203 buscum
430 3152 584 3204 initis
650 3150 1195 3220 investigationibuS,
1263 3148 1577 3216 collatisque
1643 3147 1911 3211 consiliis,
1989 3149 2178 3201 melius

146 3225 453 3279 innotescat
527 3225 812 3295 regionum
864 3222 1110 3276 vconditio
1135 3263 1146 3284 ,
1223 3226 1276 3274 et
1340 3239 1579 3291 congrua
1643 3222 1955 3274 consulendi
2018 3222 2176 3287 ratiO,

146 3299 410 3368 simulque
449 3299 736 3361 discordeS,
777 3316 911 3367 quae
950 3299 1093 3348 inter
1131 3295 1279 3364 ipsos
1308 3326 1374 3332 -
1404 3295 1749 3363 quantumvis
1789 3296 2081 3350 catholicos
2111 3329 2177 3334 —

146 3373 510 3433 invaluerunt,
553 3371 836 3439 opiniones
877 3369 1249 3423 concilientur.
1327 3368 1388 3420 Id
1427 3387 1554 3420 sane
1590 3374 1934 3438 perspexerat
1972 3370 2179 3439 pridem

149 3444 465 3513 Apostolica
525 3444 712 3507 SedeS,
779 3449 832 3497 et
895 3445 958 3495 ad
1019 3441 1357 3494 Germaniam
1417 3443 1559 3511 quod
1618 3443 1889 3512 pertinet,
1953 3444 2017 3495 de
2075 3462 2178 3513 qua

149 3519 488 3587 potissimum
542 3537 627 3570 res
680 3521 760 3570 est
799 3518 854 3569 in
896 3516 1232 3570 Eminentiae
1271 3516 1414 3567 Tuae
1471 3516 1728 3585 epistola,
1789 3516 1914 3570 Smi.
1957 3517 2177 3570 Domini

149 3591 342 3645 Nostri
391 3591 559 3644 menti
610 3609 947 3660 nequaquam
998 3589 1188 3659 effugit
1228 3589 1610 3659 opportunitas
1663 3591 1964 3661 quempiam
2012 3591 2176 3643 alium
