2612 4062
2065 172 2178 227 275·

467 396 562 455 De
609 398 778 455 modo
822 402 1181 470 procedendi
1226 422 1405 478 super
1443 407 1832 490 ‘doymatibus

280 525 410 579 Cum
458 527 523 579 de
569 527 910 598 dogmatibus
950 530 1074 584 fidei
1113 536 1376 604 agendum
1415 540 1518 600 est,
1562 538 1793 606 primum
1834 540 2169 611 colliguntur

131 601 363 664 articuli,
405 601 498 669 qui
537 620 697 670 super
737 603 987 674 dogmate
1026 606 1143 675 ipso
1186 627 1248 661 ex
1290 611 1442 664 libris
1482 611 1874 666 haereticorum
1902 616 2168 669 habentur

131 679 621 745 proponunturque
673 677 983 745 disputandi
1035 686 1195 751 atque
1245 684 1569 738 discutiendi
1618 688 1886 759 theologis
1945 690 2168 743 minori-

132 752 247 813 buS,
289 750 414 802 dato
454 750 528 802 eis
568 751 718 818 prius
746 771 840 819 per
869 755 1078 823 aliquot
1107 757 1217 809 dies
1244 757 1486 827 ipsorum
1514 760 1870 815 articulorum
1898 765 2166 833 exemp103

132 825 273 894 quod
313 843 342 876 a
394 824 666 894 theologis
720 826 950 892 dicitur,
1005 830 1299 884 adnotatur
1338 852 1434 901 per
1474 833 1859 901 Secretarium,
1914 842 1968 891 et
2006 839 2169 891 etiam

131 918 318 952 eorum
381 899 676 951 sententias
742 900 909 969 aliqui
974 902 1032 955 in
1096 905 1314 973 scriptis
1379 909 1697 975 proferunt,
1763 911 1951 964 deinde
2014 913 2166 965 iimet

131 973 347 1025 articuli
414 991 520 1024 una
588 991 703 1025 cum
766 974 1005 1043 ipsorum
1066 978 1468 1049 Theologorum
1520 983 1725 1051 judicio
1786 990 2167 1054 proponuntur

131 1047 470 1099 examinandi
519 1046 801 1112 Patribus,
854 1055 1041 1117 postea
1090 1071 1248 1121 super
1301 1055 1398 1118 eiS,
1446 1059 1603 1124 juxta
1654 1057 1894 1125 ipsorum
1953 1059 2169 1112 Patrum

131 1126 184 1174 et
234 1121 616 1191 theologorum
669 1124 965 1177 sententias
1026 1126 1295 1180 decretum
1348 1130 1414 1181 ab
1466 1129 1560 1192 iis,
1616 1130 1808 1198 quibus
1862 1151 1987 1185 cura
2041 1134 2168 1186 haec

131 1195 418 1258 incumbit,
490 1195 811 1264 concipitur.
910 1198 1061 1261 Quod
1125 1200 1311 1254 deinde
1377 1204 1740 1269 examinatur,
1803 1210 1863 1259 ut
1921 1208 2167 1276 superius

131 1270 304 1338 capite
343 1270 586 1338 proximo
627 1270 830 1323 dictum
869 1276 966 1325 est.
1553 1296 1557 1302 ·

438 1481 530 1538 De
580 1483 746 1538 ‘niodo
789 1485 1153 1555 procedendi
1198 1504 1377 1557 super
1424 1487 1855 1556 reformatione.

278 1641 564 1694 Decretum
625 1642 731 1695 fuit
789 1643 847 1695 in
906 1644 1177 1714 principio
1238 1666 1278 1699 s,
1335 1647 1562 1700 Concilii
1617 1650 1714 1701 sub
1764 1649 1933 1702 Paulo
1973 1650 2057 1702 III
2107 1652 2166 1703 in

133 1715 564 1786 Congregatione
616 1716 799 1770 habita
852 1717 935 1770 die
985 1724 1069 1771 27.
1112 1720 1359 1773 Januarii
1411 1728 1569 1783 1546,
1611 1727 1673 1775 ut
1713 1724 1871 1776 simul
1912 1728 1967 1777 et
2007 1727 2165 1778 semel

132 1790 194 1842 de
246 1790 586 1860 dogmatibus
639 1797 693 1844 et
741 1792 1129 1846 reformatione
1168 1799 1449 1865 ageretur,
1504 1797 1662 1865 idque
1702 1797 1761 1848 in
1801 1799 1962 1849 finem
2001 1818 2166 1868 usque

133 1864 356 1917 Concilii
410 1869 671 1933 perpetuo
700 1867 1045 1920 observatum
1086 1874 1185 1933 est,
1227 1874 1389 1938 atque
1416 1870 1535 1923 ideo
1575 1871 1632 1922 in
1662 1872 1902 1940 qualibet
1933 1873 2166 1925 sessione

128 1939 231 1991 duo
285 1939 368 1991 vel
417 1939 573 2007 plura
622 1940 835 1993 decreta
888 1942 950 1993 de
1002 1947 1229 2012 utraque
1281 1945 1508 1997 materia
1555 1946 1825 2013 publicata
1865 1951 2007 1999 sunt.
2086 1947 2165 1999 De

127 2013 244 2081 ipsa
306 2031 431 2066 vero
495 2014 886 2067 reformatione
943 2017 1044 2069 hoc
1104 2018 1292 2070 ordine
1351 2020 1627 2088 agebatur.
1725 2019 1788 2071 In
1854 2020 2040 2088 primis
2106 2040 2164 2073 ea

127 2087 353 2140 materia
414 2087 835 2156 suscipiebatur,
894 2109 1028 2159 quae
1082 2110 1196 2143 cum
1241 2093 1491 2162 dogmate
1531 2112 1635 2161 quo
1677 2112 1736 2145 eo
1777 2098 2015 2162 tempore
2055 2095 2162 2147 dis-

128 2162 300 2213 cussio
366 2162 530 2214 fiebat
593 2164 883 2216 convenire
941 2165 1240 2230 videbatur,
1302 2172 1362 2219 ut
1426 2170 1557 2235 puta
1617 2186 1734 2219 cum
1792 2172 2042 2237 ageretur
2099 2169 2163 2220 de

126 2235 435 2304 receptione
475 2255 747 2289 sacrorum
788 2238 1051 2291 librorum
1078 2244 1258 2292 actum
1285 2241 1390 2293 fuit
1430 2242 1491 2292 de
1530 2242 1781 2293 abusibus
1822 2242 1962 2293 circa
1993 2242 2162 2295 inter-

127 2310 515 2377 pretationem,
575 2311 1010 2380 impressionem,
1072 2314 1363 2366 editionem
1422 2320 1474 2366 et
1533 2315 1829 2367 versionem
1889 2315 2060 2383 ipsius
2119 2335 2158 2369 s.

127 2383 452 2452 scripturae,
510 2389 567 2437 ut
626 2385 854 2439 habetur
903 2387 960 2438 in
1008 2394 1056 2439 4.
1100 2388 1334 2441 sessione
1389 2389 1486 2440 sub
1538 2388 1705 2440 Paulo
1747 2389 1830 2441 III
1869 2390 2162 2442 successive

126 2457 188 2508 (16
227 2458 398 2526 ipsius
440 2478 479 2510 S.
522 2459 826 2528 scripturae
852 2461 1253 2529 praedicatione
1294 2468 1346 2515 et
1372 2462 1620 2520 lectione,
1662 2466 1722 2514 ut
1751 2463 1808 2514 in
1847 2463 2081 2515 sessione
2111 2470 2157 2516 5.

127 2530 362 2600 Cumque
403 2537 653 2602 ageretur
694 2535 756 2586 de
784 2534 1157 2588 Praelatorum
1195 2536 1502 2599 residentia,
1542 2540 1721 2588 actum
1761 2536 1866 2589 fuit
1904 2536 1967 2587 de
1992 2537 2161 2606 impe-

126 2605 378 2658 dimentis
418 2606 587 2675 ipsius
626 2609 948 2662 residentiae
987 2611 1361 2663 submovendis
1402 2614 1455 2663 et
1494 2611 1614 2662 aliis
1655 2611 1720 2661 ad
1749 2610 2160 2663 commodiorem

126 2680 472 2733 residentiam
526 2682 948 2750 pertinentibus,
999 2688 1055 2736 at
1102 2685 1159 2735 in
1200 2685 1525 2737 sessionibus
1569 2689 1615 2736 6.
1657 2688 1710 2736 et
1753 2690 1798 2736 7.
1841 2685 1937 2736 sub
1978 2685 2159 2737 eodem

124 2752 291 2807 Paulo
331 2754 414 2806 III
453 2774 514 2808 ac
558 2761 602 2808 3.
644 2760 697 2809 et
738 2763 786 2810 4.
829 2758 925 2809 sub
973 2756 1120 2809 Julio
1162 2758 1239 2809 ΙΙΙ
1285 2762 1337 2810 et
1377 2758 1601 2826 denique
1648 2759 1745 2809 sub
1786 2757 1881 2810 Pio
1921 2757 2001 2810 IV
2040 2777 2158 2811 cum

125 2826 188 2879 de
238 2828 397 2880 missa
445 2830 501 2881 in
545 2835 591 2883 6.
633 2831 867 2883 sessione
922 2834 1186 2883 tractatus
1227 2831 1536 2894 haberetur,
1578 2832 1836 2900 agebatur
1875 2831 1938 2883 de
1978 2832 2159 2884 obser-

125 2902 311 2954 vandis
352 2907 405 2955 et
444 2904 709 2956 evitandis
750 2905 807 2955 in
848 2904 1018 2972 ipsius
1057 2904 1249 2957 missae
1291 2905 1677 2966 celebratione3
1720 2923 1838 2956 cum
1877 2905 1939 2956 de
1979 2924 2158 2958 sacra-

124 2981 308 3028 mento
349 2977 554 3030 ordinis
594 2978 651 3029 in
695 2983 771 3041 7.,
826 2978 888 3030 de
928 2979 1170 3045 ipsorum
1210 2978 1455 3030 ordinum
1500 2977 1814 3038 collatione,
1869 2979 1931 3030 de
1982 2983 2157 3032 aetate

125 3053 180 3102 et
217 3050 477 3118 qualitate
518 3052 960 3115 ordinandorum,
1002 3051 1064 3103 de
1105 3052 1357 3103 ordinum
1383 3051 1751 3103 functionibus
1786 3053 2155 3117 restituendiS,

123 3123 186 3174 de
227 3123 467 3194 Collegio
510 3144 600 3178 seu
627 3125 923 3178 Seminario
964 3143 1063 3193 pro
1092 3125 1439 3178 instituendis
1478 3124 1658 3192 pueris
1699 3125 1995 3195 erigendis3
2039 3145 2156 3179 cum

125 3196 187 3249 de
238 3199 573 3251 matrimonii
618 3203 951 3251 sacramento
1002 3199 1060 3249 in
1100 3203 1178 3262 8.,
1233 3199 1296 3250 de
1349 3198 1725 3262 clandestiniS,
1782 3199 1844 3250 de
1895 3200 2152 3270 gradibus

125 3271 411 3324 affinitatis
463 3277 516 3324 et
575 3272 1092 3342 consanguinitatiS,
1151 3272 1215 3323 de
1268 3272 1581 3324 concubinis
1642 3275 1774 3335 etc.,
1830 3276 1883 3325 et
1939 3278 2155 3342 praeter

125 3344 431 3414 hujusmodi
456 3346 707 3398 materias
734 3346 973 3416 dogmati
1013 3346 1313 3397 conformes
1341 3346 1399 3396 in
1427 3345 1665 3413 qualibet
1703 3346 1863 3398 etiam
1890 3346 2154 3400 dictarum

124 3418 420 3471 sessionum
474 3423 527 3471 et
575 3423 824 3487 praterea
862 3420 920 3470 in
963 3424 1039 3482 5.,
1093 3418 1153 3470 in
1193 3424 1240 3471 9.
1284 3437 1417 3487 quae
1455 3422 1535 3470 est
1574 3419 1788 3484 ultima,
1840 3420 1943 3472 alia
1993 3422 2154 3474 etiam

125 3491 338 3545 decreta
399 3493 463 3545 ad
528 3493 970 3545 reformationem
1037 3492 1340 3561 generalem
1403 3493 1736 3560 pertinentia
1799 3495 1943 3547 edita
2007 3498 2151 3547 sunt.

1805 3581 1886 3626 15*
