2722 4146
2107 285 2176 346 67

138 438 336 512 potest,
378 434 574 511 quibus
612 433 839 505 artibuS,
879 434 1073 511 quibus
1099 432 1590 496 machinationibus
1616 433 1876 510 impetere
1902 442 1956 492 et
1981 456 2180 510 negare

137 517 253 569 ausi
290 516 403 569 sint
439 515 540 580 illi,
581 515 674 584 qui
713 516 1047 583 personalem
1103 520 1158 570 et
1195 536 1226 569 a
1278 519 1398 570 tota
1436 513 1678 568 Ecclesia
1729 513 2179 584 independentem

137 590 291 643 Rom.
334 589 615 643 Pontificis
656 589 1000 642 infallibilem
1038 590 1419 644 auctoritatem
1458 582 1827 660 propugnant.

287 663 418 717 Cum
469 663 576 716 Leo
616 662 686 715 II.
741 663 1109 717 definitionem
1162 669 1327 718 sextae
1379 664 1574 734 synodi
1633 663 1700 716 ad
1739 662 2038 732 Episcopos
2077 662 2178 715 Hi-

138 738 339 807 spaniae
376 738 637 801 mitteret,
679 741 741 790 ut
780 738 1115 806 synodaliter
1167 738 1504 808 susciperent
1553 742 1607 791 et
1645 738 2008 808 divulgarent,
2064 737 2180 791 haec

138 813 354 865 scribit:
418 810 799 881 «Agathonem
872 812 1057 866 literas
1117 831 1238 866 suas
1308 817 1363 866 et
1429 810 1602 866 totius
1671 812 1866 881 synodi
1922 812 2181 865 Romanae

139 886 420 955 epistolam
461 886 528 938 ad
569 884 873 938 Orientales
911 887 1138 951 misisse,
1179 906 1277 956 pro
1318 887 1727 940 confirmatione
1765 885 1992 939 duarum
2017 890 2179 940 natu-

138 961 333 1013 ralium
371 960 716 1012 voluntatum
754 964 808 1013 et
848 961 1223 1029 operationum
1261 961 1320 1014 in
1374 980 1482 1013 uno
1523 960 1762 1014 Domino
1810 964 2002 1014 nostro
2049 960 2179 1014 Jesu

139 1034 372 1098 Christ0,
414 1038 468 1087 et
508 1034 1010 1087 condemnationem
1050 1054 1253 1100 eorum,
1295 1036 1387 1105 qui
1426 1035 1584 1088 aliter
1606 1035 1922 1100 docuerunt,
1963 1039 2017 1088 et
2055 1035 2182 1088 haec

136 1109 351 1177 singula
389 1109 702 1176 relegerunt,
743 1126 806 1161 ac
842 1114 1264 1163 retractaverunt
1302 1109 1514 1177 (Patres
1555 1108 1875 1173 orientales,
1925 1109 2020 1178 qui
2060 1128 2179 1162 cum

139 1183 358 1253 Legatis
400 1184 807 1251 convenerant).
887 1183 960 1236 Et
999 1184 1126 1253 quia
1173 1202 1290 1254 quae
1329 1184 1430 1236 Dei
1470 1187 1614 1250 sunt,
1671 1201 1791 1236 cum
1831 1186 1942 1253 ejus
1983 1183 2180 1236 timore

137 1261 298 1326 atque
336 1276 516 1310 amore
557 1258 786 1310 scrutati
828 1262 973 1322 sunt,
1026 1260 1138 1328 ejus
1188 1262 1327 1312 nutu
1376 1276 1498 1311 vere
1545 1276 1640 1326 per
1681 1276 1771 1311 eos
1823 1257 2179 1311 confessionis

137 1331 419 1384 sinceritas
460 1332 826 1385 demonstrata
865 1336 946 1385 est
985 1351 1046 1385 ac
1086 1333 1456 1386 confirmata.»
1518 1331 1713 1384 Postea
1740 1331 1875 1385 dicit
1900 1332 2181 1386 damnatos

140 1405 355 1474 Cyrum,
410 1405 657 1476 Sergium
698 1446 709 1458 .
753 1449 763 1459 .
811 1448 822 1459 .
873 1406 1199 1472 Honorium‚
1256 1407 1383 1476 «qui
1432 1406 1700 1458 flammam
1752 1406 1995 1459 haeretici
2046 1406 2180 1476 dog-

139 1480 316 1544 matis,
356 1499 466 1532 non
508 1484 571 1533 ut
608 1480 788 1533 decuit
827 1481 1182 1550 apostolicam
1234 1481 1632 1544 auctoritatem,
1685 1479 2037 1549 incipientem
2089 1499 2181 1532 ex-

140 1554 324 1618 tinxit,
366 1554 456 1607 sed
494 1554 818 1625 negligendo
861 1555 1154 1608 confovit.»
1234 1555 1367 1608 Illos
1420 1558 1608 1623 postea
1646 1554 1919 1619 hortatur,
1973 1558 2036 1607 ut
2091 1555 2182 1606 de-

140 1628 447 1681 finitionem
486 1629 768 1698 divulgent
808 1629 960 1698 eique
1000 1629 1360 1693 subscribant,
1425 1633 1522 1682 «ut
1558 1628 1617 1679 in
1657 1627 1817 1681 unius
1858 1629 2183 1698 evangelicae

139 1706 300 1771 atque
339 1703 650 1771 apostolicae
710 1703 832 1755 fidei
873 1703 1230 1756 consonantia
1287 1703 1566 1756 nobiscum
1625 1706 1680 1756 et
1719 1721 1840 1755 cum
1886 1702 2181 1755 universali

143 1780 330 1829 sancta
367 1777 573 1845 synodo
614 1795 709 1846 per
748 1795 856 1829 suae
896 1777 1311 1847 subscriptionis
1339 1777 1733 1830 confessionem
1759 1781 2019 1846 tanquam
2045 1795 2182 1847 prae-

140 1869 261 1903 sens
300 1850 498 1920 spiritu
538 1852 911 1904 conveniant.»

286 1925 368 1978 Ex
391 1944 496 1994 qua
534 1925 763 1994 epistola
802 1927 910 1978 tria
950 1929 1244 1979 eruuntur:
1292 1926 1350 1981 1⁰
1389 1925 1745 1979 confirmatur
1784 1926 1988 1979 factum
2028 1926 2179 1979 dam-

141 1999 379 2052 nationis
419 1999 680 2062 Honorii3
733 2002 796 2053 2⁰
835 2001 967 2054 dicit
1019 2000 1304 2070 epistolam
1354 1999 1664 2071 Agathonis
1714 2001 2077 2071 dogmaticam
2128 2005 2182 2054 et

141 2074 424 2142 epistolam
462 2074 657 2143 synodi
697 2075 968 2139 Romanae,
1011 2093 1124 2127 non
1165 2075 1483 2144 simpliciter
1524 2094 1555 2127 a
1594 2078 1744 2127 sexta
1784 2075 1990 2144 synodo
2018 2075 2183 2128 fuisse

141 2153 430 2217 susceptaS,
459 2149 548 2201 sed
575 2153 864 2218 postquam
889 2150 1198 2217 relegeram,
1227 2154 1586 2203 retractatam
1611 2153 1665 2202 et
1690 2151 1918 2202 scrutati
1940 2151 2179 2216 fuerant,

143 2222 197 2275 id
237 2226 319 2275 est
357 2223 650 2275 secundum
690 2242 809 2275 eum
848 2224 1033 2287 ritum,
1076 2242 1182 2293 quo
1223 2227 1459 2276 utuntur
1501 2223 1729 2276 concilia
1766 2224 2092 2276 oecumenica
2123 2224 2181 2275 in

140 2297 460 2366 recipiendis
500 2298 717 2365 scriptis
757 2298 820 2350 de
859 2298 961 2350 fide
998 2298 1154 2350 Rom.
1185 2297 1529 2362 Pontificum,
1571 2301 1633 2350 ut
1671 2303 1790 2350 acta
1825 2298 2181 2351 conciliorum

141 2371 452 2435 ostendunt,
494 2375 548 2423 et
588 2373 778 2440 quinta
816 2373 1053 2440 synodus
1080 2372 1392 2425 solemniter
1419 2372 1728 2441 profitetur.
1791 2371 1853 2424 3⁰
1878 2372 2181 2425 Romanum

142 2445 460 2498 Pontificem
479 2445 695 2498 mittere
734 2446 1108 2499 definitionem
1136 2450 1300 2499 sextae
1327 2446 1539 2515 synodi,
1581 2450 1643 2498 ut
1670 2446 1930 2516 Episcopi
1950 2445 2181 2515 Hispani

142 2519 484 2572 subscribant
523 2537 585 2572 eo
624 2519 799 2583 modO,
840 2539 946 2589 quo
994 2520 1455 2589 subscripsissent,
1509 2519 1554 2572 si
1606 2519 1836 2574 fuissent
1887 2523 2181 2590 praesentes

143 2592 406 2658 Concilio,
445 2593 499 2645 id
538 2597 620 2646 est
658 2594 1008 2647 examinando
1048 2598 1103 2647 et
1135 2594 1445 2663 judicando.

289 2667 519 2736 Hispani
558 2667 814 2737 Episcopi
851 2669 910 2721 in
951 2668 1191 2721 Concilio
1233 2669 1551 2739 congregati
1590 2669 1855 2722 Toletano
1894 2667 2060 2734 XIV.,
2102 2669 2181 2723 ita

142 2742 431 2794 secundum
469 2746 701 2795 mentem
756 2743 952 2795 Leonis
990 2742 1062 2795 II.
1114 2744 1471 2813 respondent:
1527 2742 1727 2796 «Gesta
1778 2743 2074 2811 synodalia,
2126 2747 2180 2795 et

143 2834 263 2868 cum
301 2816 468 2886 gestis
520 2835 733 2885 quoque
772 2817 969 2870 Leonis
1020 2819 1257 2886 antiquae
1297 2817 1482 2871 Romae
1520 2817 1804 2870 Pontificis
1857 2816 2178 2869 invitatoria

143 2889 448 2958 epistolaris
503 2891 696 2961 gratiae
756 2892 1003 2945 consulta
1060 2891 1418 2961 suscepimUS,
1485 2909 1581 2960 per
1639 2909 1756 2959 quae
1815 2890 1987 2942 omnis
2045 2890 2177 2942 ordo

142 2968 420 3034 gestorum
476 2968 733 3035 gestaque
790 2966 1043 3018 ordinum
1099 2966 1329 3018 dilucide
1386 2968 1698 3034 patuerunt.
1777 2964 1891 3026 Qua
1947 2964 2179 3032 epistola

143 3039 400 3106 praesules
438 3039 716 3108 Hispaniae
756 3040 975 3094 invitati
1015 3044 1158 3104 sunt,
1200 3044 1263 3094 ut
1299 3039 1562 3109 praedicta
1600 3037 1881 3106 synodalia
1921 3037 2179 3091 instituta

144 3112 321 3165 nostri
358 3113 563 3183 vigoris
601 3119 880 3168 manerent
918 3113 1246 3167 auctoritate
1284 3114 1508 3167 suffulta
1535 3111 1625 3179 (en
1652 3111 1918 3180 quomodo
1944 3111 2178 3181 Hispani

146 3186 279 3237 bene
316 3204 380 3238 ex
420 3187 651 3255 epistola
699 3188 984 3242 Pontificis
1037 3187 1434 3251 intellexerant,
1489 3186 1652 3239 etiam
1702 3203 1888 3238 eorum
1936 3185 2177 3239 auctori-

145 3263 313 3312 tatem
350 3262 637 3332 postulari)
677 3263 1032 3332 omnibusque
1070 3280 1167 3330 per
1205 3281 1306 3315 nos
1344 3262 1442 3315 sub
1481 3277 1650 3330 regno
1678 3258 1960 3329 Hispaniae
1999 3260 2176 3314 consi-

147 3333 414 3386 stentibus
451 3338 787 3403 patescerent
825 3335 1205 3406 divulganda.»

294 3406 489 3460 Postea
527 3426 639 3477 cap.
680 3408 810 3463 HL:
853 3410 990 3464 «Sed
1029 3410 1159 3463 licet
1195 3409 1255 3462 in
1291 3427 1458 3461 unum
1495 3407 1818 3478 generaliter
1859 3407 2045 3479 colligi
2079 3426 2175 3478 per

148 3480 286 3534 idem
323 3485 532 3550 tempus
569 3482 935 3552 Hispanorum
975 3483 1213 3536 omnium
1239 3483 1540 3536 Praesulum
1564 3482 1790 3536 societas
1816 3482 2173 3551 nequivisset3

149 3555 349 3624 sparsis
407 3559 584 3608 tamen
641 3557 853 3611 sedibus
911 3562 1070 3627 atque
1125 3557 1276 3623 locis,
1335 3556 1586 3626 praefatas
1631 3560 1905 3627 gestarum
1961 3556 2173 3626 regulas

149 3629 552 3698 pertractandas
592 3632 935 3701 suscepimus,
990 3635 1368 3700 susceptasque
1417 3631 1765 3701 perlegimus,
1815 3631 2174 3700 approbantes

150 3703 205 3755 in
243 3703 329 3757 his
367 3703 430 3757 de
467 3708 819 3776 utrarumque
843 3706 972 3761 Jesu
994 3705 1197 3759 Christi
1215 3705 1340 3758 Filii
1370 3704 1470 3758 Dei
1496 3704 1801 3759 differentia
1838 3708 2172 3768 naturarum,

1825 3791 1878 3834 5*
