2612 4062
0 3915 24 4062 vaist.
8 3862 17 3866 ι

92 4051 97 4054 “
98 3995 106 4002 k

2160 209 2262 266 117

223 357 316 411 «Si
354 375 499 420 vero,
541 356 685 426 'quod
724 356 946 409 minime
985 358 1277 422 credimus,
1330 356 1535 411 nostrae
1571 357 1938 412 fraternitatis
1992 356 2099 425 (vel
2137 378 2265 430 par-

218 431 428 499 vitatis)
470 431 796 484 assertiones
836 432 1121 499 praedictas
1173 435 1430 486 roborare
1482 433 1802 497 nolueritiS,
1862 433 2136 502 propitius
2187 436 2260 489 sit

218 506 374 558 nobis
415 505 575 568 Deus,
617 505 743 573 quia
781 523 881 557 nos
921 525 951 557 a
989 511 1169 559 vestra
1209 507 1511 560 obedientia
1550 507 1892 575 repelletis»:
1947 506 2125 570 Certo,
2167 509 2262 578 qui

217 580 295 633 ita
334 580 644 648 loquentur,
685 578 744 630 in
784 579 943 631 unius
971 579 1127 633 Rom.
1156 580 1439 634 Pontificis
1479 582 1752 650 personali
1790 586 1845 636 et
1872 600 1903 634 a
1929 585 2047 635 tota
2074 582 2262 635 Eccle-

218 655 296 706 sia
355 653 750 722 independente
802 657 1072 721 potestate
1122 674 1386 707 summum
1438 659 1492 708 et
1547 655 1833 711 infallibile
1889 655 2260 726 magisterium

216 727 382 780 fuisse
419 746 450 779 a
491 727 707 779 Christo
749 728 1088 791 collocatum,
1130 749 1243 782 non
1282 731 1586 782 credebant.
1603 732 1640 799 ¹)

367 801 499 854 Cum
539 800 844 853 Alexander
863 802 960 856 III.
1005 802 1156 856 Rom.
1182 803 1437 858 Pontifex
1477 805 1810 867 declarasset,
1851 804 2260 859 matriomnium

216 895 311 946 per
353 876 515 928 verba
542 876 605 927 de
644 877 904 944 praesenti
931 881 1267 930 contractum
1308 879 1485 930 valere
1512 897 1610 931 nec
1635 898 1728 946 per
1755 879 1902 931 aliud
1929 880 2260 934 connubium

215 968 371 1019 posse
393 949 633 1012 dissolvi,
656 950 828 1002 addit:
876 951 1161 1013 «Quamvis
1188 953 1349 1005 aliter
1374 972 1405 1004 a
1434 952 1751 1021 quibusdam
1778 954 2257 1021 praedecessoribus

214 1024 418 1078 nostris
447 1024 613 1076 fuerit
634 1025 987 1092 judicatum.»
1070 1026 1319 1079 Consulti
1359 1045 1487 1097 ergo
1516 1027 1671 1082 Rom.
1703 1027 1992 1080 Pontifices
2031 1032 2256 1097 propter

214 1098 485 1151 Primatus
524 1099 922 1163 auctoritatem,
966 1103 1019 1152 et
1058 1102 1323 1168 pastorali
1362 1120 1583 1154 munere
1622 1101 1927 1174 instruendi
1963 1101 2257 1155 Ecclesiam

215 1173 507 1243 fungentes
541 1173 858 1241 judicarunt
901 1179 1090 1227 contra
1117 1175 1187 1239 id,
1230 1176 1372 1245 quod
1399 1179 1481 1228 est
1507 1179 1696 1245 postea
1723 1177 1788 1228 ab
1815 1173 2125 1230 Alexandro
2154 1176 2252 1231 III.

214 1251 436 1315 totaque
475 1247 713 1299 Ecclesia
747 1248 1062 1317 judicatum.

360 1320 547 1390 Neque
587 1340 713 1374 vero
754 1341 843 1375 cos
878 1325 1034 1392 juvat
1085 1323 1342 1377 Nicolaus
1385 1324 1617 1387 Dubois,
1677 1324 1819 1376 hanc
1870 1324 2041 1376 errari
2080 1325 2254 1377 mani-

212 1396 351 1448 festo
392 1396 792 1448 excusationem
846 1398 1165 1450 ostendens:
1231 1398 1395 1451 «Fuit.
1445 1399 1575 1451 olim
1627 1399 1848 1450 dubium
1899 1398 1958 1450 in
1996 1399 2253 1464 Ecclesia,

212 1489 282 1523 an
325 1470 731 1523 matrimonium
770 1471 885 1524 solo
929 1491 1190 1525 consensu
1230 1473 1503 1526 firmatum
1543 1473 1872 1526 dissolvatur
1931 1491 2024 1541 per
2062 1474 2253 1527 matri-

211 1545 453 1597 monium
493 1546 821 1612 subsequens
863 1564 982 1598 cum
1023 1547 1128 1598 alia
1167 1551 1220 1599 et
1261 1551 1796 1600 consummatum....
1850 1546 1993 1598 Hinc
2031 1548 2251 1614 factum,

214 1619 356 1687 quod
398 1618 598 1671 diversi
637 1619 895 1688 Episcopi
935 1624 990 1673 et
1030 1620 1457 1689 Archiepiscopi,
1514 1621 1907 1683 Salernitanus,
1950 1620 2250 1688 PaduanuS,

213 1691 464 1746 Senensis
517 1697 616 1746 etc.
673 1699 914 1746 sanctam
965 1696 1139 1747 sedem
1194 1696 1617 1747 consuluerint.»
1699 1695 1865 1747 Recte
1924 1698 1978 1748 et
2029 1696 2250 1760 ordine3

211 1771 344 1820 tunc
384 1768 526 1819 enim
565 1769 650 1820 vel
688 1769 918 1820 maxime
959 1770 1275 1822 consulendi
1329 1770 1523 1822 summi
1564 1769 1882 1833 Pontifices,
1939 1788 2058 1821 cum
2099 1789 2250 1824 casus

210 1842 407 1894 arduus
466 1846 549 1895 est
605 1846 659 1895 et
716 1844 1016 1913 ambiguus.
1097 1844 1170 1896 Et
1225 1844 1309 1895 illi
1365 1863 1395 1895 a
1445 1848 1530 1896 tot
1571 1843 1854 1912 Episcopis
1902 1844 2136 1897 consulti
2193 1846 2251 1898 in

209 1916 582 1985 respondendo
624 1922 894 1970 errarunt.
974 1918 1119 1987 Ergo
1159 1918 1242 1969 vel
1282 1918 1510 1969 maxime
1564 1921 1779 1970 constat
1816 1918 2117 1986 apostolico
2169 1921 2251 1972 of-

205 1991 327 2043 ficio
359 1990 609 2053 defuisse,
653 2010 772 2043 cum
800 1995 886 2044 tot
913 1993 1146 2044 ecclesiae
1172 1992 1461 2060 apostolici
1502 1992 1668 2044 officii
1697 2010 1850 2059 opem
1890 1992 2248 2061 requirerent.

338 2064 679 2118 Innocentius
698 2066 790 2118 ΙΙΙ.
807 2066 1120 2134 reprobavit
1141 2066 1500 2134 antiquiorem
1517 2067 1835 2118 decretalem
1849 2065 2121 2118 Coelcstini
2134 2063 2250 2130 HL,

205 2139 299 2208 qui
338 2139 677 2192 matrimonii
716 2141 995 2192 vinculum
1035 2141 1180 2193 inter
1221 2141 1547 2193 christianos
1575 2140 1988 2208 superveniente
2027 2141 2250 2193 alterius

203 2214 393 2266 haeresi
434 2215 685 2266 solverat.
758 2214 919 2267 Hunc
958 2215 1041 2267 sui
1081 2215 1487 2284 praedecessoris
1515 2233 1753 2266 errorem
1773 2214 2126 2266 Innocentius
2148 2215 2246 2269 III.

203 2288 442 2340 modeste
481 2289 740 2356 reprobat
777 2289 862 2341 his
903 2290 1109 2342 verbis:
1175 2289 1358 2341 «Licet
1399 2289 1611 2357 quidem
1668 2289 2024 2356 praedecessor
2065 2294 2250 2341 noster

203 2362 432 2415 sensisse
479 2363 639 2415 aliter
697 2363 996 2415 videatur.»
1078 2363 1181 2415 Hic
1234 2363 1491 2415 Nicolaus
1534 2362 1739 2414 Dubois
1778 2362 2116 2414 Hadrianum
2152 2362 2247 2415 VI.

202 2436 584 2504 reprehendit,
626 2438 770 2505 quod
811 2438 1161 2490 Coelestinum
1199 2437 1298 2489 ΙΙΙ.
1341 2437 1500 2505 hujus
1542 2436 1822 2488 decretalis
1863 2437 2040 2505 gratia
2081 2437 2249 2488 haere-

203 2511 371 2563 ticum
392 2511 680 2579 judicarit:
728 2510 1016 2563 «Nondum
1043 2513 1200 2574 enim,
1243 2511 1336 2575 ait,
1378 2529 1462 2562 res
1497 2515 1614 2563 erat
1641 2511 1705 2562 ab
1734 2510 1973 2562 Ecclesia
1999 2510 2246 2574 definita3

201 2603 300 2637 nec
339 2588 456 2637 erat
497 2586 817 2655 contrarius
846 2586 1016 2638 totius
1057 2586 1307 2638 Ecclesiae
1360 2603 1683 2647 consensuS,
1745 2584 1839 2654 qui
1878 2585 1988 2635 vim
2027 2585 2247 2638 haberet

201 2658 588 2712 definitionis.»
672 2659 913 2728 Optime,
987 2660 1079 2712 sed
1130 2660 1266 2711 illud
1321 2664 1554 2722 certum,
1628 2658 1975 2711 Coelestinum
2027 2677 2246 2710 munere

201 2733 499 2802 apostolico
559 2735 877 2804 fungentem
933 2734 986 2786 id
1045 2734 1399 2802 respondisse,
1443 2734 1585 2802 quod
1625 2752 1738 2785 non
1790 2736 1871 2784 est
1921 2751 2135 2794 verum,
2192 2735 2246 2785 et

202 2808 378 2875 ipsum
405 2807 610 2860 Dubois
650 2827 942 2878 agnoscere
980 2809 1038 2860 in
1080 2827 1341 2860 consensu
1381 2807 1557 2860 totius
1584 2806 1853 2869 Ecclesiae,
1897 2824 2055 2874 quem
2080 2805 2242 2858 toties

203 2882 459 2952 exagitat,
501 2883 750 2935 ultimam
788 2884 1034 2951 regulam
1075 2882 1212 2934 fidei.

348 2955 470 3024 Ipse
510 2955 804 3010 Gratianus
843 2957 985 3009 Dist.
1015 2955 1159 3008 XIX.
1205 2975 1245 3008 c.
1279 2961 1346 3019 7.,
1374 2955 1466 3007 ubi
1506 2954 1732 3006 affertur
1769 2953 1999 3020 epistola
2026 2952 2239 3017 LeoniS,

201 3029 356 3082 Rom.
412 3029 693 3084 Pontificis
743 3032 809 3084 ad
850 3031 1146 3100 Episcopos
1186 3030 1555 3092 ViennenseS,
1615 3028 1673 3079 in
1726 3046 1831 3095 qua
1889 3027 1952 3078 de
1991 3026 2239 3080 Primatu

199 3102 351 3157 Petri
401 3105 936 3175 magnificentissime
994 3104 1310 3170 disseritur,
1368 3107 1422 3155 et
1478 3103 1538 3154 de
1598 3100 1932 3172 obligatione
1983 3102 2241 3170 sequendi

322 3279 355 3333 ¹)
388 3281 523 3324 Juvat
567 3280 638 3325 hic
684 3281 846 3325 referre
893 3279 1026 3324 verba
1071 3293 1164 3336 quae
1197 3279 1238 3323 S.
1271 3277 1508 3332 Basilius,
1551 3291 1687 3333 agens
1734 3276 1786 3320 de
1828 3276 1868 3320 S.
1903 3277 2082 3322 Damasi
2112 3279 2236 3322 Rom.

199 3339 428 3383 Pontificis
460 3340 648 3383 decretis
679 3340 885 3384 adversus
919 3340 959 3383 S.
994 3339 1246 3389 Meletium,
1291 3338 1465 3393 scripsit
1512 3337 1640 3392 epist.
1675 3339 1760 3379 214
1793 3336 1848 3380 al.
1882 3340 1990 3380 349:
2041 3338 2095 3381 Se
2138 3338 2238 3381 illas

201 3399 354 3442 literas
386 3413 466 3442 nec
497 3401 535 3441 si
567 3399 618 3443 de
649 3399 756 3442 coelo
788 3399 1103 3448 descenderint,
1137 3399 1175 3440 si
1207 3397 1378 3454 quidem
1410 3396 1464 3439 ad
1496 3396 1626 3440 fidem
1655 3398 1777 3440 recta
1800 3397 1870 3440 via
1900 3411 1987 3440 non
2011 3397 2233 3448 incedant,

204 3457 507 3509 admissurum,
541 3460 619 3501 aut
651 3471 762 3509 eum,
795 3460 869 3516 qui
901 3458 1107 3502 attulerit
1149 3457 1204 3500 ad
1247 3456 1591 3499 communionem
1637 3458 1914 3512 recepturum
1956 3459 2105 3512 negat.
2169 3454 2234 3499 Cf.

202 3531 268 3573 ep.
301 3519 386 3559 239
418 3517 473 3559 al.
511 3519 577 3560 10.
637 3516 706 3559 En
737 3518 948 3574 quomodo
981 3516 1127 3574 quarti
1160 3516 1305 3558 saeculi
1337 3515 1480 3559 sancti
1502 3518 1547 3558 et
1579 3515 1819 3559 doctissimi
1841 3516 1997 3558 Patres
2030 3518 2075 3558 et
2106 3515 2235 3558 lumi-

201 3575 448 3681 pariafigiqn
477 3576 526 3619 in
555 3576 671 3620 nuda
701 3579 747 3623 et
778 3577 979 3623 absoluta
1010 3577 1133 3621 Rom,
1165 3575 1394 3621 Pontificis
1424 3575 1691 3622 auctoritate
1734 3574 2064 3621 constituebant
2106 3587 2234 3633 regu-

219 3649 290 3682 am
383 3648 434 3681 cl.
1686 3663 1690 3665 Α
