2612 4062
2059 276 2164 329 221

127 423 330 475 eminet
380 421 722 476 doctissimus
769 421 853 476 vir
904 422 1224 478 Franciscus
1264 421 1458 489 Nardi‚
1511 442 1652 477 unus
1702 440 1767 476 ex
1805 421 2167 476 Auditoribus

64 535 74 548 .
127 497 318 551 Sacrae
356 496 546 561 Rotae,
586 501 640 550 et
679 497 840 567 hujus
882 497 1110 551 Concilii
1150 500 1311 552 etiam
1352 498 1616 553 officialis,
1677 497 1941 552 Veritatis
1982 497 2166 566 potius

126 591 286 642 quam
323 571 563 640 partium
603 571 783 624 studio
825 572 1036 636 cedens,
1089 573 1180 625 ille
1231 577 1397 644 negat
1437 571 1490 626 S.
1531 571 1808 626 Ambrosii
1845 572 2006 624 verba
2046 590 2168 624 eum

125 665 340 699 sensum
378 645 572 698 habere
598 664 755 714 quem
794 646 860 698 iis
899 647 1074 699 inesse
1101 646 1510 700 Aurelianensis
1549 647 1694 700 inter
1733 646 1868 700 alios
1900 645 2164 700 credebat.

126 720 303 772 Verba
343 721 456 789 ejus
482 719 673 772 Italico
714 738 958 773 sermone
998 740 1103 790 quo
1145 722 1347 791 scripta
1385 725 1513 774 sunt
1551 722 1787 785 afferam,
1827 739 1896 773 ne
1934 720 2167 790 aliquem

125 794 359 863 suspicio
411 793 620 846 subiret
666 812 772 857 me,
829 812 889 846 ea
941 795 1225 859 vertend0‚
1281 814 1497 848 sensum
1545 795 1794 848 variasse.
1872 794 2168 863 Postquam

124 867 537 938 explicationem
576 867 984 921 Aurelianensis
1023 887 1182 922 sensu
1223 888 1387 938 supra
1424 870 1597 922 relato
1638 869 1871 933 dederit,
1912 868 2089 922 addit:

276 942 410 994 «Del
461 945 606 994 resto
652 942 692 994 il
745 943 927 995 valore
966 943 1102 995 delle
1140 944 1326 1012 parole
1365 943 1421 995 di
1460 942 1512 997 S.
1553 942 1854 1014 Ambrogio
1896 941 1976 1010 (in
2017 942 2166 996 Psal-

125 1036 269 1069 mum
322 1015 432 1068 XL.
476 1015 675 1070 Enarr.
732 1035 786 1068 n.
836 1018 922 1086 30)
982 1036 1093 1070 non
1152 1018 1308 1070 credo
1369 1018 1448 1070 sia
1506 1018 1684 1087 quello
1739 1018 1835 1070 che
1881 1017 2061 1069 indica
2109 1018 2163 1070 lo

123 1091 337 1143 illustre
364 1089 626 1153 Vescon
669 1109 696 1142 e
740 1092 890 1143 basta
928 1091 1183 1162 leggerne
1222 1091 1263 1143 il
1304 1095 1567 1146 contestO.
1646 1091 1729 1144 Ivi
1767 1091 1989 1144 trattasi
2027 1091 2165 1144 della

124 1165 316 1218 caduta
365 1164 420 1216 di
474 1163 525 1216 S.
570 1164 751 1218 Pietro
805 1169 994 1218 sanata
1051 1166 1118 1218 da-
1170 1165 1378 1230 Cristo‚
1432 1185 1459 1218 e
1511 1184 1659 1218 come
1711 1165 1894 1219 Pietro
1946 1165 2005 1217 in
2051 1183 2166 1218 essa

122 1239 462 1308 rappresenti
501 1238 542 1290 il
582 1239 840 1292 cristiano
883 1240 1127 1303 cadente,
1176 1240 1270 1309 poi
1309 1240 1638 1310 risorgente‚
1690 1258 1784 1309 per
1825 1257 1990 1309 opera
2027 1239 2166 1292 della

123 1313 310 1366 Chiesa
350 1331 376 1364 e
417 1313 472 1364 di
512 1312 718 1377 (histo,
777 1332 934 1366 senza
984 1314 1183 1367 dubbio
1232 1315 1408 1384 quelle
1459 1315 1644 1383 parole
1682 1314 1866 1366 hanno
1907 1332 1978 1366 un
2020 1314 2163 1368 altro

123 1388 215 1456 piu
262 1387 440 1456 ampio
493 1387 556 1439 ed
603 1388 716 1440 alto
757 1389 1091 1458 significato,
1144 1389 1207 1440 ed
1247 1391 1274 1440 6
1315 1389 1410 1441 6116
1449 1388 1633 1441 Pietro
1673 1388 1768 1457 piu
1808 1389 1903 1440 che
1943 1391 2164 1441 contra-

121 1481 284 1532 segno
325 1464 352 1514 e
393 1466 700 1515 veramente
752 1462 792 1514 il
832 1466 1281 1531 rappresentante
1333 1463 1471 1515 della
1518 1481 1644 1515 vera
1683 1462 1872 1515 Chiesa
1911 1481 1938 1514 6
1976 1463 2029 1514 16
2068 1482 2165 1515 3116

120 1537 354 1606 imagine
407 1536 621 1589 vivente
674 1555 701 1588 e
755 1539 1030 1605 operante.
1121 1535 1248 1589 Non
1301 1538 1457 1590 credo
1512 1537 1607 1589 che
1659 1535 1710 1589 S.
1765 1535 2063 1607 Ambrogio
2104 1538 2164 1589 in

121 1612 246 1679 quel
296 1610 460 1679 luogo
513 1629 764 1679 pensasse
810 1611 875 1663 ad
915 1611 1054 1663 altre
1093 1611 1261 1663 chiese
1299 1613 1565 1676 cristianae,
1609 1629 1636 1663 6
1676 1628 1823 1664 601116
1863 1611 1929 1663 da
1967 1629 2080 1664 esse
2119 1611 2165 1663 si

121 1685 396 1754 distingue
434 1685 486 1736 la
527 1685 781 1737 cattolica
821 1704 916 1754 per
954 1686 1007 1736 la
1047 1703 1302 1754 presenza
1341 1704 1368 1737 e
1407 1703 1648 1756 governo
1691 1685 1746 1737 di
1785 1685 1970 1738 Pietro
1993 1686 2068 1738 »1.

272 1757 431 1810 «Non
485 1777 674 1811 censeo
722 1763 900 1812 tamen
943 1760 1104 1811 verba
1145 1758 1196 1813 S.
1240 1758 1517 1812 Ambrosii
1556 1778 1676 1812 eum
1714 1760 1910 1812 habere
1950 1778 2163 1813 sensum

120 1851 273 1903 quem
325 1833 390 1884 iis
438 1833 637 1886 tribuit
673 1833 1078 1886 Illustrissimus
1118 1833 1449 1902 Episcopus3
1500 1838 1554 1887 et
1604 1834 1807 1887 sufficit
1848 1837 2163 1887 contextum

120 1909 313 1978 legere.
391 1907 473 1959 Ibi
511 1908 694 1978 agitur
734 1908 798 1959 de
838 1907 987 1960 Petri
1026 1908 1211 1976 lapsu,
1253 1927 1284 1960 a
1323 1908 1540 1961 Christo
1579 1912 1799 1971 sanat03
1853 1912 1907 1960 et
1946 1926 2065 1961 cum
2104 1909 2161 1962 in

119 2001 179 2035 eo
241 1982 432 2034 Petrus
495 1986 865 2051 repraesentet
922 1982 1280 2035 christianum
1335 1983 1546 2051 lapsum
1604 1982 1694 2035 sed
1749 1991 1941 2051 postea
1998 2001 2164 2051 opera

122 2056 323 2110 Christi
371 2060 425 2109 et
465 2055 734 2109 Ecclesiae
773 2060 1101 2126 surgentem.
1180 2056 1294 2109 Ista
1332 2058 1493 2109 verba
1531 2057 1731 2109 habent
1769 2057 1960 2126 procul
1999 2057 2160 2110 dubio

119 2131 285 2183 alium
325 2134 378 2183 et
418 2130 665 2183 altiorem
705 2130 1100 2200 significatum3
1142 2131 1288 2199 quod
1324 2149 1514 2200 nempe
1539 2131 1734 2184 Petrus
1771 2150 1951 2184 veram
1977 2131 2162 2184 Eccle-

120 2206 253 2258 siam
304 2208 455 2274 cujus
507 2209 590 2258 est
634 2205 811 2275 imago
852 2207 974 2257 viva
1012 2210 1067 2258 et
1107 2223 1362 2273 operans,
1404 2224 1527 2258 vere
1565 2209 1936 2274 repraesentet
1974 2206 2160 2274 potius

119 2299 279 2349 quam
314 2279 532 2332 indicet.
599 2278 725 2332 Non
767 2283 900 2347 puto
943 2278 994 2332 S.
1023 2278 1373 2332 Ambrosium
1413 2299 1473 2333 eo
1513 2280 1631 2333 loco
1673 2280 1735 2331 de
1775 2280 1903 2332 aliis
1929 2281 2161 2333 ecclesiis

117 2355 429 2407 christianis
481 2354 770 2422 cogitasse,
830 2358 884 2406 et
931 2354 1074 2422 quod
1124 2354 1189 2406 ab
1230 2353 1297 2406 iis
1336 2372 1433 2422 per
1472 2355 1829 2423 praesentiam
1870 2358 1924 2407 et
1960 2355 2159 2425 guber-

115 2429 392 2482 nationem
430 2427 581 2481 Petri
621 2429 992 2495 distinyuatur
1031 2427 1311 2480 Catholica
1333 2429 1409 2480 »2.

238 2559 252 2583 ²
283 2560 408 2604 Sulla
437 2560 596 2604 ultima
625 2559 789 2604 lettera
818 2560 863 2605 di
893 2561 1149 2618 Monsignor
1175 2563 1366 2607 Vescovo
1383 2560 1620 2613 d'Orleans,
1653 2560 1942 2605 osservazioni
1972 2559 2016 2605 di
2033 2561 2160 2605 Mon·

116 2621 265 2702 Signo-J
285 2620 536 2724 1χΙΙ1Ι·’161166360
567 2620 718 2688 Nardi,
750 2621 932 2723 Udiltqre
961 2621 1025 2724 cli³
1029 2621 1160 2724 Sabora
1181 2623 1334 2725 Bet-ad
1360 2621 1553 2725 Szcgnd?
1577 2620 1798 2723 {dsszione
1826 2619 1999 2722 Napollzk
2031 2624 2158 2723 ῗὸῖθ.

336 2694 407 2723 ore
451 2694 530 2723 suo
598 2693 638 2723 16
678 2694 730 2723 66
802 2694 950 2724 116116
1031 2695 1072 2724 m
1106 2696 1245 2726 1031113
1290 2697 1305 2725 1
1338 2696 1388 2725 en
1416 2698 1430 2725 1
1467 2695 1515 2725 ca
1619 2695 1640 2724 6
1668 2693 1763 2722 rum
1810 2694 1906 2723 cum
1986 2694 2032 2723 cc
2054 2694 2153 2723 6316.

117 2739 186 2784 Sic
216 2739 262 2783 in
293 2739 368 2783 lib.
406 2742 443 2783 1.
477 2753 512 2783 6.
547 2694 595 2782 41.)
619 2695 799 2792 Lucae?
817 2741 999 2796 loquens
1029 2741 1082 2784 de
1112 2741 1243 2785 vidua
1274 2741 1518 2798 Sareptana
1548 2739 1675 2783 dicit:
1714 2739 1936 2782 <Diximus
1967 2740 2012 2782 in
2043 2739 2157 2782 libro

116 2801 222 2852 alio,
265 2800 312 2842 in
349 2799 479 2843 vidua
519 2799 622 2851 illa,
671 2799 725 2842 ad
757 2813 885 2856 quam
918 2801 1040 2843 Elias
1071 2800 1261 2844 directus
1295 2804 1385 2853 est,
1418 2805 1575 2857 typum
1605 2799 1827 2842 Ecclesiae
1857 2798 2154 2855 praemissum.

115 2859 306 2915 Populus
339 2859 576 2903 Ecclesiam
610 2860 917 2915 congregavit,
961 2862 1011 2902 ut
1043 2863 1250 2916 sequatur
1281 2860 1465 2917 populus
1495 2859 1571 2903 ille
1602 2873 1653 2901 ex
1683 2858 1945 2915 alienigenis
1977 2871 2157 2914 congre-

116 2922 261 2975 gatus.
331 2918 523 2975 Populus
567 2918 643 2962 ille
689 2920 792 2962 ante
837 2918 1056 2975 leprosuS‚
1102 2919 1285 2975 populus
1329 2920 1404 2963 ille
1445 2922 1547 2962 ante
1590 2918 1858 2969 maculosus,
1903 2917 2155 2974 priusquam

116 2979 300 3034 mystico
329 2977 630 3034 baptizaretur
660 2978 706 3021 in
738 2977 930 3029 flumine,
961 2977 1078 3021 idem
1107 2981 1208 3034 post
1240 2981 1516 3023 sacramenta
1532 2976 1816 3032 baptismatis
1848 2976 2032 3019 maculis
2063 2989 2155 3020 cor-

115 3038 233 3094 poris
263 3039 309 3081 et
339 3038 502 3082 mentis
533 3037 731 3087 ablutus,
770 3036 863 3092 jam
894 3050 980 3080 non
1011 3037 1158 3092 lepra,
1192 3037 1266 3081 sed
1296 3037 1579 3081 immaculata
1608 3036 1734 3092 virgo
1766 3035 1908 3091 coepit
1938 3049 2030 3080 esse
2061 3036 2154 3080 sine

115 3110 308 3154 ruga.—
329 3097 411 3140 Sic.
444 3097 520 3140 lib.
555 3099 579 3139 5
611 3098 658 3140 in
685 3097 827 3140 Lucae
860 3110 949 3153 cap*
985 3097 1023 3138 5.
1057 3096 1164 3140 dicit
1195 3111 1292 3141 cum
1323 3097 1376 3140 de
1408 3110 1532 3140 socru
1564 3095 1752 3138 Simonis
1782 3096 1902 3150 agit:
1935 3094 2154 3139 Fortassis

116 3157 249 3199 etiam
265 3157 311 3199 in
329 3161 436 3213 typo
457 3156 649 3199 mulieris
664 3156 783 3199 illius
801 3169 946 3199 socrus
966 3154 1155 3198 Simonis
1171 3159 1217 3199 et
1233 3155 1432 3200 Andreae
1448 3156 1580 3198 variis
1598 3154 1827 3197 criminum
1843 3153 2038 3198 febribus
2054 3168 2153 3199 caro

115 3217 267 3259 nostra
292 3215 561 3273 languebat3
587 3218 634 3259 et
660 3215 929 3259 diversarum
953 3214 1245 3271 cupiditatum
1273 3215 1513 3259 immodicis
1538 3212 1770 3258 aestuabat
1786 3212 2017 3257 illecebris.
2060 3213 2152 3258 Nec

115 3276 326 3319 minorem
356 3275 521 3318 febrem
552 3275 711 3317 amoris
742 3288 835 3318 esse
866 3274 1044 3317 dixerim
1076 3288 1203 3330 quam
1249 3274 1426 3317 caloris:
1478 3273 1633 3329 Itaque
1674 3273 1754 3316 illa
1785 3273 2001 3324 animum,
2043 3273 2151 3318 haec

115 3347 270 3390 corpus
284 3334 544 3377 inflammat.
587 3333 742 3376 Febris
766 3334 881 3377 enim
907 3336 1057 3377 nostra
1073 3334 1262 3377 avaritia
1284 3336 1374 3377 est:
1407 3332 1537 3376 febris
1561 3333 1716 3376 nostra
1731 3331 1867 3375 libido
1895 3334 1963 3376 est
1972 3349 1982 3384 ;
2015 3331 2150 3376 febris

116 3396 270 3436 nostra
296 3394 467 3437 luxuria
484 3394 577 3443 est;
606 3392 739 3435 febris
756 3395 908 3436 nostra
925 3392 1105 3436 ambitio
1123 3397 1216 3444 est;
1243 3392 1377 3436 febris
1401 3395 1554 3435 nostra
1567 3391 1790 3435 iracundia
1806 3394 1914 3435 est.›
1937 3416 1991 3424 —-
2011 3391 2081 3435 Sic
2102 3393 2154 3435 in

114 3451 209 3495 loco
226 3453 375 3496 citato.
427 3451 536 3504 «Qui
554 3450 696 3494 fidelis
724 3454 791 3495 est
806 3453 851 3495 in
867 3456 1030 3496 terram
1046 3465 1134 3495 non
1151 3451 1268 3495 cadit
1286 3467 1295 3494 :
1324 3452 1398 3508 qui
1410 3450 1602 3494 infidelis
1618 3453 1701 3504 est,
1730 3450 1848 3494 cadit
1856 3453 1902 3495 et
1924 3450 2149 3495 descendit

114 3511 162 3554 in
178 3511 386 3555 inferiora
401 3514 642 3556 terrarum:
671 3510 784 3554 sicut
798 3512 1004 3567 scripturn
1022 3514 1111 3554 est:
1130 3510 1396 3554 descendant
1410 3511 1455 3554 in
1468 3510 1685 3554 infernum
1702 3511 1914 3554 viventes
1945 3510 2079 3566 (Psal.
2094 3510 2144 3554 L.

116 3569 193 3613 IV.
207 3569 294 3625 16.)
311 3569 430 3627 Ergo
449 3573 695 3627 persecutor
709 3583 837 3625 super
851 3573 1014 3614 terram
1032 3570 1136 3613 etin
1155 3569 1370 3613 infernum
1389 3569 1529 3614 cadit:
1547 3568 1744 3614 Christus
1759 3569 2145 3627 superEcclesiam.

117 3628 234 3672 Audi
258 3630 467 3686 quomodo
493 3642 619 3684 super
634 3628 874 3673 Ecclesiam
901 3629 1029 3673 cadit.
1070 3629 1204 3672 Retro
1229 3632 1324 3672 erat
1339 3629 1510 3682 Petrus,
1540 3631 1586 3674 et
1613 3628 1877 3686 sequebatur
1894 3642 1991 3673 eum
2008 3641 2104 3672 cum
2121 3642 2147 3672 a

116 3688 296 3734 Judaeis
319 3689 378 3733 ad
394 3687 585 3750 Caiphae
601 3687 787 3738 domum,
813 3687 1073 3747 Synagogae
1091 3688 1301 3749 principis
1315 3688 1610 3734 deduceretur.
1643 3689 1739 3751 Ipse
1758 3690 1826 3733 est
1841 3689 2015 3747 Petrus,
2032 3689 2141 3738 eto.)
