<?xml version="1.0" encoding="UTF-8"?>
<!DOCTYPE html PUBLIC "-//W3C//DTD XHTML 1.0 Transitional//EN"
    "http://www.w3.org/TR/xhtml1/DTD/xhtml1-transitional.dtd">
<html xmlns="http://www.w3.org/1999/xhtml" xml:lang="en" lang="en">
 <head>
  <title>
</title>
<meta http-equiv="Content-Type" content="text/html;charset=utf-8" />
  <meta name='ocr-system' content='tesseract 3.04.00' />
  <meta name='ocr-capabilities' content='ocr_page ocr_carea ocr_par ocr_line ocrx_word'/>
</head>
<body>
  <div class='ocr_page' id='page_1' title='image "./a582484600frieuoft_0071.png"; bbox 0 0 2722 4146; ppageno 0'>
   <div class='ocr_carea' id='block_1_1' title="bbox 2197 261 2264 314">
    <p class='ocr_par' dir='ltr' id='par_1_1' title="bbox 2197 261 2264 314">
     <span class='ocr_line' id='line_1_1' title="bbox 2197 261 2264 314; baseline 0.03 -2"><span class='ocrx_word' id='word_1_1' title='bbox 2197 261 2264 314; x_wconf 89' lang='grc'>59</span> 
     </span>
    </p>
   </div>
   <div class='ocr_carea' id='block_1_2' title="bbox 217 396 2272 3742">
    <p class='ocr_par' dir='ltr' id='par_1_2' title="bbox 226 396 2272 525">
     <span class='ocr_line' id='line_1_2' title="bbox 227 396 2272 476; baseline 0.006 -26"><span class='ocrx_word' id='word_1_2' title='bbox 227 396 552 450; x_wconf 88' lang='lat' dir='ltr'>sententiam</span> <span class='ocrx_word' id='word_1_3' title='bbox 610 415 723 450; x_wconf 87' lang='lat' dir='ltr'>esse</span> <span class='ocrx_word' id='word_1_4' title='bbox 779 415 1058 452; x_wconf 89' lang='lat' dir='ltr'>erroneam</span> <span class='ocrx_word' id='word_1_5' title='bbox 1079 441 1091 465; x_wconf 95' lang='lat'>,</span> <span class='ocrx_word' id='word_1_6' title='bbox 1160 405 1215 456; x_wconf 88' lang='lat' dir='ltr'>et</span> <span class='ocrx_word' id='word_1_7' title='bbox 1283 401 1398 471; x_wconf 88' lang='lat' dir='ltr'>ipse</span> <span class='ocrx_word' id='word_1_8' title='bbox 1454 401 1694 474; x_wconf 86' lang='lat' dir='ltr'>Vigilius</span> <span class='ocrx_word' id='word_1_9' title='bbox 1762 407 2042 462; x_wconf 85' lang='lat' dir='ltr'>retractat.</span> <span class='ocrx_word' id='word_1_10' title='bbox 2127 407 2272 476; x_wconf 79' lang='lat' dir='ltr'>Quid</span> 
     </span>
     <span class='ocr_line' id='line_1_3' title="bbox 226 471 550 525; baseline 0 -1"><span class='ocrx_word' id='word_1_11' title='bbox 226 471 518 525; x_wconf 73' lang='lat' dir='ltr'>evidentius</span> <span class='ocrx_word' id='word_1_12' title='bbox 531 474 550 524; x_wconf 64' lang='grc' dir='ltr'>,Ι</span> 
     </span>
    </p>

    <p class='ocr_par' dir='ltr' id='par_1_3' title="bbox 221 545 2270 1739">
     <span class='ocr_line' id='line_1_4' title="bbox 375 545 2269 620; baseline 0.006 -21"><span class='ocrx_word' id='word_1_13' title='bbox 375 545 478 599; x_wconf 85' lang='lat' dir='ltr'>Sed</span> <span class='ocrx_word' id='word_1_14' title='bbox 516 545 788 599; x_wconf 88' lang='lat' dir='ltr'>videamus</span> <span class='ocrx_word' id='word_1_15' title='bbox 830 546 1044 613; x_wconf 79' lang='lat' dir='ltr'>clarius,</span> <span class='ocrx_word' id='word_1_16' title='bbox 1099 551 1367 619; x_wconf 90' lang='lat' dir='ltr'>quomodo</span> <span class='ocrx_word' id='word_1_17' title='bbox 1418 553 1745 620; x_wconf 82' lang='lat' dir='ltr'>processerit</span> <span class='ocrx_word' id='word_1_18' title='bbox 1783 553 2059 609; x_wconf 88' lang='lat' dir='ltr'>damnatio</span> <span class='ocrx_word' id='word_1_19' title='bbox 2099 557 2269 610; x_wconf 88' lang='lat' dir='ltr'>trium</span> 
     </span>
     <span class='ocr_line' id='line_1_5' title="bbox 228 618 2270 698; baseline 0.006 -26"><span class='ocrx_word' id='word_1_20' title='bbox 228 618 602 689; x_wconf 86' lang='lat' dir='ltr'>Capitulorum</span> <span class='ocrx_word' id='word_1_21' title='bbox 652 624 706 672; x_wconf 89' lang='lat' dir='ltr'>et</span> <span class='ocrx_word' id='word_1_22' title='bbox 757 622 1027 690; x_wconf 78' lang='lat' dir='ltr'>praecipue</span> <span class='ocrx_word' id='word_1_23' title='bbox 1079 625 1321 693; x_wconf 87' lang='lat' dir='ltr'>epistolae</span> <span class='ocrx_word' id='word_1_24' title='bbox 1373 625 1499 679; x_wconf 82' lang='lat' dir='ltr'>Ibae.</span> <span class='ocrx_word' id='word_1_25' title='bbox 1581 626 1750 681; x_wconf 86' lang='lat' dir='ltr'>Causa</span> <span class='ocrx_word' id='word_1_26' title='bbox 1801 629 2116 698; x_wconf 70' lang='lat' dir='ltr'>quaestionis</span> <span class='ocrx_word' id='word_1_27' title='bbox 2158 631 2270 685; x_wconf 85' lang='lat' dir='ltr'>haec</span> 
     </span>
     <span class='ocr_line' id='line_1_6' title="bbox 226 694 2268 768; baseline 0.006 -22"><span class='ocrx_word' id='word_1_28' title='bbox 226 697 370 747; x_wconf 89' lang='lat' dir='ltr'>erat:</span> <span class='ocrx_word' id='word_1_29' title='bbox 414 694 710 748; x_wconf 89' lang='lat' dir='ltr'>Constabat</span> <span class='ocrx_word' id='word_1_30' title='bbox 747 694 898 748; x_wconf 82' lang='lat' dir='ltr'>Ibam</span> <span class='ocrx_word' id='word_1_31' title='bbox 939 715 1058 750; x_wconf 89' lang='lat' dir='ltr'>cum</span> <span class='ocrx_word' id='word_1_32' title='bbox 1096 699 1606 754; x_wconf 69' lang='lat' dir='ltr'>anathematizasset</span> <span class='ocrx_word' id='word_1_33' title='bbox 1644 701 1978 768; x_wconf 81' lang='lat' dir='ltr'>Nestorium,</span> <span class='ocrx_word' id='word_1_34' title='bbox 2033 705 2198 759; x_wconf 87' lang='lat' dir='ltr'>fuisse</span> <span class='ocrx_word' id='word_1_35' title='bbox 2237 726 2268 759; x_wconf 91' lang='lat' dir='ltr'>a</span> 
     </span>
     <span class='ocr_line' id='line_1_7' title="bbox 227 767 2269 847; baseline 0.007 -28"><span class='ocrx_word' id='word_1_36' title='bbox 227 767 646 821; x_wconf 89' lang='lat' dir='ltr'>Chalcedonensi</span> <span class='ocrx_word' id='word_1_37' title='bbox 704 770 914 838; x_wconf 89' lang='lat' dir='ltr'>synodo</span> <span class='ocrx_word' id='word_1_38' title='bbox 971 778 1309 842; x_wconf 85' lang='lat' dir='ltr'>susceptum3</span> <span class='ocrx_word' id='word_1_39' title='bbox 1369 774 1460 827; x_wconf 91' lang='lat' dir='ltr'>sed</span> <span class='ocrx_word' id='word_1_40' title='bbox 1514 794 1584 828; x_wconf 92' lang='lat' dir='ltr'>an</span> <span class='ocrx_word' id='word_1_41' title='bbox 1643 780 1697 830; x_wconf 90' lang='lat' dir='ltr'>et</span> <span class='ocrx_word' id='word_1_42' title='bbox 1754 779 1868 847; x_wconf 86' lang='lat' dir='ltr'>ejus</span> <span class='ocrx_word' id='word_1_43' title='bbox 1920 778 2150 847; x_wconf 90' lang='lat' dir='ltr'>epistola</span> <span class='ocrx_word' id='word_1_44' title='bbox 2201 782 2269 834; x_wconf 86' lang='lat' dir='ltr'>ad</span> 
     </span>
     <span class='ocr_line' id='line_1_8' title="bbox 225 841 2265 924; baseline 0.007 -30"><span class='ocrx_word' id='word_1_45' title='bbox 225 841 420 895; x_wconf 88' lang='lat' dir='ltr'>Marim</span> <span class='ocrx_word' id='word_1_46' title='bbox 459 843 652 897; x_wconf 87' lang='lat' dir='ltr'>fuisset</span> <span class='ocrx_word' id='word_1_47' title='bbox 691 863 722 896; x_wconf 86' lang='lat' dir='ltr'>a</span> <span class='ocrx_word' id='word_1_48' title='bbox 761 863 800 896; x_wconf 92' lang='lat' dir='ltr'>s.</span> <span class='ocrx_word' id='word_1_49' title='bbox 843 847 1052 913; x_wconf 92' lang='lat' dir='ltr'>synodo</span> <span class='ocrx_word' id='word_1_50' title='bbox 1094 853 1358 917; x_wconf 89' lang='lat' dir='ltr'>suscepta,</span> <span class='ocrx_word' id='word_1_51' title='bbox 1399 849 1452 900; x_wconf 91' lang='lat' dir='ltr'>id</span> <span class='ocrx_word' id='word_1_52' title='bbox 1476 853 1608 914; x_wconf 86' lang='lat' dir='ltr'>erat,</span> <span class='ocrx_word' id='word_1_53' title='bbox 1649 851 1715 903; x_wconf 92' lang='lat' dir='ltr'>de</span> <span class='ocrx_word' id='word_1_54' title='bbox 1741 870 1846 921; x_wconf 91' lang='lat' dir='ltr'>quo</span> <span class='ocrx_word' id='word_1_55' title='bbox 1874 853 2265 924; x_wconf 86' lang='lat' dir='ltr'>ambigebatur.</span> 
     </span>
     <span class='ocr_line' id='line_1_9' title="bbox 225 916 2268 993; baseline 0.007 -24"><span class='ocrx_word' id='word_1_56' title='bbox 225 916 541 971; x_wconf 87' lang='lat' dir='ltr'>Obscuritas</span> <span class='ocrx_word' id='word_1_57' title='bbox 599 918 678 970; x_wconf 88' lang='lat' dir='ltr'>rei</span> <span class='ocrx_word' id='word_1_58' title='bbox 737 937 894 971; x_wconf 87' lang='lat' dir='ltr'>causa</span> <span class='ocrx_word' id='word_1_59' title='bbox 953 920 1075 985; x_wconf 90' lang='lat' dir='ltr'>fuit,</span> <span class='ocrx_word' id='word_1_60' title='bbox 1137 926 1198 976; x_wconf 88' lang='lat' dir='ltr'>ut</span> <span class='ocrx_word' id='word_1_61' title='bbox 1237 923 1474 993; x_wconf 83' lang='lat' dir='ltr'>Vigilius</span> <span class='ocrx_word' id='word_1_62' title='bbox 1533 929 1740 978; x_wconf 85' lang='lat' dir='ltr'>erraret</span> <span class='ocrx_word' id='word_1_63' title='bbox 1798 930 1852 979; x_wconf 91' lang='lat' dir='ltr'>et</span> <span class='ocrx_word' id='word_1_64' title='bbox 1898 927 2268 982; x_wconf 89' lang='lat' dir='ltr'>definitionem</span> 
     </span>
     <span class='ocr_line' id='line_1_10' title="bbox 223 991 2269 1062; baseline 0.006 -18"><span class='ocrx_word' id='word_1_65' title='bbox 223 991 582 1062; x_wconf 83' lang='lat' dir='ltr'>dogmaticam</span> <span class='ocrx_word' id='word_1_66' title='bbox 620 1011 899 1046; x_wconf 89' lang='lat' dir='ltr'>erroneam</span> <span class='ocrx_word' id='word_1_67' title='bbox 938 994 996 1047; x_wconf 91' lang='lat' dir='ltr'>in</span> <span class='ocrx_word' id='word_1_68' title='bbox 1036 1014 1132 1049; x_wconf 90' lang='lat' dir='ltr'>suo</span> <span class='ocrx_word' id='word_1_69' title='bbox 1175 996 1486 1051; x_wconf 83' lang='lat' dir='ltr'>Constituto</span> <span class='ocrx_word' id='word_1_70' title='bbox 1528 999 1770 1052; x_wconf 82' lang='lat' dir='ltr'>ediderit.</span> <span class='ocrx_word' id='word_1_71' title='bbox 1850 999 1952 1053; x_wconf 83' lang='lat' dir='ltr'>Sed</span> <span class='ocrx_word' id='word_1_72' title='bbox 1991 1002 2058 1055; x_wconf 91' lang='lat' dir='ltr'>ab</span> <span class='ocrx_word' id='word_1_73' title='bbox 2085 1021 2269 1057; x_wconf 89' lang='lat' dir='ltr'>errore</span> 
     </span>
     <span class='ocr_line' id='line_1_11' title="bbox 224 1067 2268 1145; baseline 0.006 -28"><span class='ocrx_word' id='word_1_74' title='bbox 224 1084 279 1118; x_wconf 88' lang='lat' dir='ltr'>se</span> <span class='ocrx_word' id='word_1_75' title='bbox 318 1067 499 1119; x_wconf 90' lang='lat' dir='ltr'>seduci</span> <span class='ocrx_word' id='word_1_76' title='bbox 556 1086 668 1120; x_wconf 91' lang='lat' dir='ltr'>non</span> <span class='ocrx_word' id='word_1_77' title='bbox 708 1087 865 1136; x_wconf 85' lang='lat' dir='ltr'>passa</span> <span class='ocrx_word' id='word_1_78' title='bbox 923 1073 1004 1122; x_wconf 89' lang='lat' dir='ltr'>est</span> <span class='ocrx_word' id='word_1_79' title='bbox 1042 1089 1083 1122; x_wconf 87' lang='lat' dir='ltr'>s.</span> <span class='ocrx_word' id='word_1_80' title='bbox 1125 1073 1381 1140; x_wconf 85' lang='lat' dir='ltr'>synodus,</span> <span class='ocrx_word' id='word_1_81' title='bbox 1441 1076 1495 1125; x_wconf 90' lang='lat' dir='ltr'>et</span> <span class='ocrx_word' id='word_1_82' title='bbox 1553 1092 1665 1125; x_wconf 90' lang='lat' dir='ltr'>rem</span> <span class='ocrx_word' id='word_1_83' title='bbox 1724 1075 1964 1128; x_wconf 85' lang='lat' dir='ltr'>examine</span> <span class='ocrx_word' id='word_1_84' title='bbox 2016 1078 2268 1145; x_wconf 83' lang='lat' dir='ltr'>synodali</span> 
     </span>
     <span class='ocr_line' id='line_1_12' title="bbox 223 1141 2265 1212; baseline 0.007 -21"><span class='ocrx_word' id='word_1_85' title='bbox 223 1141 557 1210; x_wconf 86' lang='lat' dir='ltr'>perpendens</span> <span class='ocrx_word' id='word_1_86' title='bbox 616 1160 852 1195; x_wconf 91' lang='lat' dir='ltr'>errorem</span> <span class='ocrx_word' id='word_1_87' title='bbox 917 1143 1271 1212; x_wconf 88' lang='lat' dir='ltr'>deprehendit</span> <span class='ocrx_word' id='word_1_88' title='bbox 1339 1152 1393 1200; x_wconf 88' lang='lat' dir='ltr'>et</span> <span class='ocrx_word' id='word_1_89' title='bbox 1461 1165 1575 1200; x_wconf 90' lang='lat' dir='ltr'>non</span> <span class='ocrx_word' id='word_1_90' title='bbox 1640 1149 1891 1201; x_wconf 89' lang='lat' dir='ltr'>obstante</span> <span class='ocrx_word' id='word_1_91' title='bbox 1951 1149 2265 1206; x_wconf 86' lang='lat' dir='ltr'>Constituto</span> 
     </span>
     <span class='ocr_line' id='line_1_13' title="bbox 223 1214 2267 1294; baseline 0.007 -28"><span class='ocrx_word' id='word_1_92' title='bbox 223 1214 415 1285; x_wconf 90' lang='lat' dir='ltr'>Vigilii</span> <span class='ocrx_word' id='word_1_93' title='bbox 453 1216 745 1269; x_wconf 89' lang='lat' dir='ltr'>damnavit.</span> <span class='ocrx_word' id='word_1_94' title='bbox 825 1218 1120 1280; x_wconf 75' lang='lat' dir='ltr'>Quaesitum</span> <span class='ocrx_word' id='word_1_95' title='bbox 1169 1225 1251 1274; x_wconf 89' lang='lat' dir='ltr'>est</span> <span class='ocrx_word' id='word_1_96' title='bbox 1301 1221 1608 1291; x_wconf 83' lang='lat' dir='ltr'>diligenter,</span> <span class='ocrx_word' id='word_1_97' title='bbox 1665 1241 1771 1291; x_wconf 91' lang='lat' dir='ltr'>quo</span> <span class='ocrx_word' id='word_1_98' title='bbox 1811 1223 1924 1276; x_wconf 91' lang='lat' dir='ltr'>ritu</span> <span class='ocrx_word' id='word_1_99' title='bbox 1973 1226 2172 1294; x_wconf 81' lang='lat' dir='ltr'>suscipi</span> <span class='ocrx_word' id='word_1_100' title='bbox 2213 1231 2267 1280; x_wconf 91' lang='lat' dir='ltr'>et</span> 
     </span>
     <span class='ocr_line' id='line_1_14' title="bbox 223 1289 2267 1364; baseline 0.006 -23"><span class='ocrx_word' id='word_1_101' title='bbox 223 1289 443 1358; x_wconf 88' lang='lat' dir='ltr'>probari</span> <span class='ocrx_word' id='word_1_102' title='bbox 483 1291 687 1360; x_wconf 88' lang='lat' dir='ltr'>scripta</span> <span class='ocrx_word' id='word_1_103' title='bbox 727 1291 791 1343; x_wconf 93' lang='lat' dir='ltr'>de</span> <span class='ocrx_word' id='word_1_104' title='bbox 831 1292 933 1344; x_wconf 91' lang='lat' dir='ltr'>fide</span> <span class='ocrx_word' id='word_1_105' title='bbox 973 1294 1152 1347; x_wconf 88' lang='lat' dir='ltr'>solent</span> <span class='ocrx_word' id='word_1_106' title='bbox 1190 1295 1247 1347; x_wconf 90' lang='lat' dir='ltr'>in</span> <span class='ocrx_word' id='word_1_107' title='bbox 1287 1296 1508 1364; x_wconf 87' lang='lat' dir='ltr'>synodis</span> <span class='ocrx_word' id='word_1_108' title='bbox 1561 1296 1946 1362; x_wconf 79' lang='lat' dir='ltr'>anterioribUS,</span> <span class='ocrx_word' id='word_1_109' title='bbox 1997 1300 2161 1353; x_wconf 88' lang='lat' dir='ltr'>tertia</span> <span class='ocrx_word' id='word_1_110' title='bbox 2213 1305 2267 1354; x_wconf 91' lang='lat' dir='ltr'>et</span> 
     </span>
     <span class='ocr_line' id='line_1_15' title="bbox 223 1365 2266 1440; baseline 0.006 -25"><span class='ocrx_word' id='word_1_111' title='bbox 223 1368 434 1432; x_wconf 84' lang='lat' dir='ltr'>quarta,</span> <span class='ocrx_word' id='word_1_112' title='bbox 475 1365 746 1434; x_wconf 87' lang='lat' dir='ltr'>Ephesina</span> <span class='ocrx_word' id='word_1_113' title='bbox 786 1371 840 1419; x_wconf 93' lang='lat' dir='ltr'>et</span> <span class='ocrx_word' id='word_1_114' title='bbox 881 1366 1317 1422; x_wconf 90' lang='lat' dir='ltr'>Chalcedonensi.</span> <span class='ocrx_word' id='word_1_115' title='bbox 1399 1369 1605 1438; x_wconf 78' lang='lat' dir='ltr'>Synodi</span> <span class='ocrx_word' id='word_1_116' title='bbox 1644 1374 1765 1424; x_wconf 92' lang='lat' dir='ltr'>acta</span> <span class='ocrx_word' id='word_1_117' title='bbox 1816 1373 2170 1440; x_wconf 81' lang='lat' dir='ltr'>replicantur,</span> <span class='ocrx_word' id='word_1_118' title='bbox 2213 1379 2266 1428; x_wconf 89' lang='lat' dir='ltr'>et</span> 
     </span>
     <span class='ocr_line' id='line_1_16' title="bbox 223 1440 2266 1518; baseline 0.005 -28"><span class='ocrx_word' id='word_1_119' title='bbox 223 1457 328 1506; x_wconf 92' lang='lat' dir='ltr'>quo</span> <span class='ocrx_word' id='word_1_120' title='bbox 370 1440 627 1504; x_wconf 86' lang='lat' dir='ltr'>examine,</span> <span class='ocrx_word' id='word_1_121' title='bbox 670 1459 775 1509; x_wconf 89' lang='lat' dir='ltr'>quo</span> <span class='ocrx_word' id='word_1_122' title='bbox 810 1441 1036 1510; x_wconf 85' lang='lat' dir='ltr'>judicio,</span> <span class='ocrx_word' id='word_1_123' title='bbox 1090 1462 1197 1512; x_wconf 88' lang='lat' dir='ltr'>quo</span> <span class='ocrx_word' id='word_1_124' title='bbox 1251 1445 1364 1497; x_wconf 90' lang='lat' dir='ltr'>ritu</span> <span class='ocrx_word' id='word_1_125' title='bbox 1417 1448 1677 1513; x_wconf 83' lang='lat' dir='ltr'>susceptae</span> <span class='ocrx_word' id='word_1_126' title='bbox 1732 1446 1939 1499; x_wconf 86' lang='lat' dir='ltr'>fuerint</span> <span class='ocrx_word' id='word_1_127' title='bbox 1977 1451 2031 1501; x_wconf 91' lang='lat' dir='ltr'>et</span> <span class='ocrx_word' id='word_1_128' title='bbox 2068 1449 2266 1518; x_wconf 86' lang='lat' dir='ltr'>adpro-</span> 
     </span>
     <span class='ocr_line' id='line_1_17' title="bbox 223 1513 2266 1588; baseline 0.006 -24"><span class='ocrx_word' id='word_1_129' title='bbox 223 1513 362 1565; x_wconf 80' lang='lat' dir='ltr'>batae</span> <span class='ocrx_word' id='word_1_130' title='bbox 401 1513 459 1565; x_wconf 91' lang='lat' dir='ltr'>in</span> <span class='ocrx_word' id='word_1_131' title='bbox 499 1515 705 1582; x_wconf 89' lang='lat' dir='ltr'>synodo</span> <span class='ocrx_word' id='word_1_132' title='bbox 746 1515 1022 1584; x_wconf 87' lang='lat' dir='ltr'>Ephesina</span> <span class='ocrx_word' id='word_1_133' title='bbox 1062 1519 1293 1586; x_wconf 88' lang='lat' dir='ltr'>epistola</span> <span class='ocrx_word' id='word_1_134' title='bbox 1334 1517 1386 1571; x_wconf 82' lang='lat' dir='ltr'>S.</span> <span class='ocrx_word' id='word_1_135' title='bbox 1430 1518 1640 1586; x_wconf 88' lang='lat' dir='ltr'>Cyrilli,</span> <span class='ocrx_word' id='word_1_136' title='bbox 1693 1519 1751 1571; x_wconf 92' lang='lat' dir='ltr'>in</span> <span class='ocrx_word' id='word_1_137' title='bbox 1796 1521 2005 1588; x_wconf 88' lang='lat' dir='ltr'>synodo</span> <span class='ocrx_word' id='word_1_138' title='bbox 2048 1521 2266 1576; x_wconf 84' lang='lat' dir='ltr'>Chalce-</span> 
     </span>
     <span class='ocr_line' id='line_1_18' title="bbox 221 1587 2265 1666; baseline 0.006 -28"><span class='ocrx_word' id='word_1_139' title='bbox 221 1587 445 1640; x_wconf 87' lang='lat' dir='ltr'>donensi</span> <span class='ocrx_word' id='word_1_140' title='bbox 502 1590 707 1642; x_wconf 86' lang='lat' dir='ltr'>famosa</span> <span class='ocrx_word' id='word_1_141' title='bbox 765 1590 859 1642; x_wconf 90' lang='lat' dir='ltr'>illa</span> <span class='ocrx_word' id='word_1_142' title='bbox 918 1591 1224 1660; x_wconf 88' lang='lat' dir='ltr'>dogmatica</span> <span class='ocrx_word' id='word_1_143' title='bbox 1283 1593 1514 1661; x_wconf 90' lang='lat' dir='ltr'>epistola</span> <span class='ocrx_word' id='word_1_144' title='bbox 1572 1591 1624 1646; x_wconf 79' lang='lat' dir='ltr'>S.</span> <span class='ocrx_word' id='word_1_145' title='bbox 1685 1592 1912 1647; x_wconf 89' lang='lat' dir='ltr'>Leonis:</span> <span class='ocrx_word' id='word_1_146' title='bbox 1974 1595 2265 1666; x_wconf 85' lang='lat' dir='ltr'>diligenter</span> 
     </span>
     <span class='ocr_line' id='line_1_19' title="bbox 223 1662 2062 1739; baseline 0.004 -25"><span class='ocrx_word' id='word_1_147' title='bbox 223 1662 621 1715; x_wconf 88' lang='lat' dir='ltr'>consideratum</span> <span class='ocrx_word' id='word_1_148' title='bbox 660 1667 714 1716; x_wconf 90' lang='lat' dir='ltr'>et</span> <span class='ocrx_word' id='word_1_149' title='bbox 755 1683 1076 1732; x_wconf 88' lang='lat' dir='ltr'>perpensum</span> <span class='ocrx_word' id='word_1_150' title='bbox 1117 1671 1213 1721; x_wconf 87' lang='lat' dir='ltr'>est.</span> <span class='ocrx_word' id='word_1_151' title='bbox 1295 1666 1492 1731; x_wconf 88' lang='lat' dir='ltr'>(Mansi</span> <span class='ocrx_word' id='word_1_152' title='bbox 1531 1672 1571 1720; x_wconf 89' lang='lat' dir='ltr'>t.</span> <span class='ocrx_word' id='word_1_153' title='bbox 1613 1667 1705 1720; x_wconf 93' lang='lat' dir='ltr'>IX.</span> <span class='ocrx_word' id='word_1_154' title='bbox 1748 1686 1871 1738; x_wconf 85' lang='lat' dir='ltr'>pag.</span> <span class='ocrx_word' id='word_1_155' title='bbox 1917 1670 2062 1739; x_wconf 80' lang='lat'>308.)</span> 
     </span>
    </p>

    <p class='ocr_par' dir='ltr' id='par_1_4' title="bbox 217 1737 2267 3000">
     <span class='ocr_line' id='line_1_20' title="bbox 369 1737 2262 1810; baseline 0.004 -21"><span class='ocrx_word' id='word_1_156' title='bbox 369 1737 507 1789; x_wconf 84' lang='lat' dir='ltr'>Tum</span> <span class='ocrx_word' id='word_1_157' title='bbox 546 1742 731 1791; x_wconf 87' lang='lat' dir='ltr'>sancta</span> <span class='ocrx_word' id='word_1_158' title='bbox 770 1739 1010 1806; x_wconf 88' lang='lat' dir='ltr'>synodus</span> <span class='ocrx_word' id='word_1_159' title='bbox 1051 1740 1216 1793; x_wconf 86' lang='lat' dir='ltr'>dixit:</span> <span class='ocrx_word' id='word_1_160' title='bbox 1263 1741 1378 1793; x_wconf 89' lang='lat' dir='ltr'>«Ex</span> <span class='ocrx_word' id='word_1_161' title='bbox 1418 1741 1521 1806; x_wconf 89' lang='lat' dir='ltr'>his,</span> <span class='ocrx_word' id='word_1_162' title='bbox 1562 1760 1679 1810; x_wconf 79' lang='lat' dir='ltr'>quae</span> <span class='ocrx_word' id='word_1_163' title='bbox 1718 1742 1946 1796; x_wconf 87' lang='lat' dir='ltr'>recitata</span> <span class='ocrx_word' id='word_1_164' title='bbox 1974 1748 2103 1797; x_wconf 88' lang='lat' dir='ltr'>sunt</span> <span class='ocrx_word' id='word_1_165' title='bbox 2133 1742 2189 1810; x_wconf 89' lang='lat' dir='ltr'>(i.</span> <span class='ocrx_word' id='word_1_166' title='bbox 2220 1763 2262 1797; x_wconf 90' lang='lat' dir='ltr'>e.</span> 
     </span>
     <span class='ocr_line' id='line_1_21' title="bbox 221 1811 2267 1885; baseline 0.004 -23"><span class='ocrx_word' id='word_1_167' title='bbox 221 1829 326 1878; x_wconf 87' lang='lat' dir='ltr'>quo</span> <span class='ocrx_word' id='word_1_168' title='bbox 367 1811 480 1864; x_wconf 92' lang='lat' dir='ltr'>ritu</span> <span class='ocrx_word' id='word_1_169' title='bbox 520 1812 751 1880; x_wconf 88' lang='lat' dir='ltr'>epistola</span> <span class='ocrx_word' id='word_1_170' title='bbox 792 1812 841 1865; x_wconf 82' lang='lat' dir='ltr'>S.</span> <span class='ocrx_word' id='word_1_171' title='bbox 886 1813 1076 1882; x_wconf 88' lang='lat' dir='ltr'>Cyrilli</span> <span class='ocrx_word' id='word_1_172' title='bbox 1134 1814 1193 1867; x_wconf 89' lang='lat' dir='ltr'>in</span> <span class='ocrx_word' id='word_1_173' title='bbox 1232 1815 1520 1884; x_wconf 88' lang='lat' dir='ltr'>Ephesina,</span> <span class='ocrx_word' id='word_1_174' title='bbox 1582 1820 1635 1869; x_wconf 90' lang='lat' dir='ltr'>et</span> <span class='ocrx_word' id='word_1_175' title='bbox 1694 1816 1926 1885; x_wconf 83' lang='lat' dir='ltr'>epistola</span> <span class='ocrx_word' id='word_1_176' title='bbox 1973 1817 2170 1871; x_wconf 91' lang='lat' dir='ltr'>Leonis</span> <span class='ocrx_word' id='word_1_177' title='bbox 2209 1819 2267 1871; x_wconf 89' lang='lat' dir='ltr'>in</span> 
     </span>
     <span class='ocr_line' id='line_1_22' title="bbox 221 1883 2267 1959; baseline 0.004 -22"><span class='ocrx_word' id='word_1_178' title='bbox 221 1883 641 1940; x_wconf 90' lang='lat' dir='ltr'>Chalcedonensi</span> <span class='ocrx_word' id='word_1_179' title='bbox 680 1887 887 1955; x_wconf 89' lang='lat' dir='ltr'>synodo</span> <span class='ocrx_word' id='word_1_180' title='bbox 927 1892 1187 1957; x_wconf 85' lang='lat' dir='ltr'>susceptae</span> <span class='ocrx_word' id='word_1_181' title='bbox 1215 1893 1268 1942; x_wconf 90' lang='lat' dir='ltr'>et</span> <span class='ocrx_word' id='word_1_182' title='bbox 1295 1890 1606 1959; x_wconf 80' lang='lat' dir='ltr'>adprobatae</span> <span class='ocrx_word' id='word_1_183' title='bbox 1634 1891 1879 1958; x_wconf 71' lang='lat' dir='ltr'>fuerint),</span> <span class='ocrx_word' id='word_1_184' title='bbox 1920 1892 2267 1946; x_wconf 86' lang='lat' dir='ltr'>manifestum</span> 
     </span>
     <span class='ocr_line' id='line_1_23' title="bbox 218 1959 2266 2036; baseline 0.004 -25"><span class='ocrx_word' id='word_1_185' title='bbox 218 1959 422 2013; x_wconf 84' lang='lat' dir='ltr'>factum</span> <span class='ocrx_word' id='word_1_186' title='bbox 480 1964 578 2025; x_wconf 89' lang='lat' dir='ltr'>est,</span> <span class='ocrx_word' id='word_1_187' title='bbox 638 1962 906 2030; x_wconf 86' lang='lat' dir='ltr'>quomodo</span> <span class='ocrx_word' id='word_1_188' title='bbox 964 1967 1163 2016; x_wconf 84' lang='lat' dir='ltr'>sanctae</span> <span class='ocrx_word' id='word_1_189' title='bbox 1203 1966 1398 2032; x_wconf 88' lang='lat' dir='ltr'>synodi</span> <span class='ocrx_word' id='word_1_190' title='bbox 1436 1984 1512 2024; x_wconf 91' lang='lat' dir='ltr'>ea,</span> <span class='ocrx_word' id='word_1_191' title='bbox 1574 1983 1693 2035; x_wconf 78' lang='lat' dir='ltr'>quae</span> <span class='ocrx_word' id='word_1_192' title='bbox 1743 1967 1885 2034; x_wconf 92' lang='lat' dir='ltr'>apud</span> <span class='ocrx_word' id='word_1_193' title='bbox 1941 1985 2028 2020; x_wconf 89' lang='lat' dir='ltr'>eas</span> <span class='ocrx_word' id='word_1_194' title='bbox 2082 1968 2266 2036; x_wconf 86' lang='lat' dir='ltr'>profe-</span> 
     </span>
     <span class='ocr_line' id='line_1_24' title="bbox 219 2037 2265 2111; baseline 0.003 -24"><span class='ocrx_word' id='word_1_195' title='bbox 219 2039 435 2099; x_wconf 89' lang='lat' dir='ltr'>runtur,</span> <span class='ocrx_word' id='word_1_196' title='bbox 496 2037 726 2104; x_wconf 89' lang='lat' dir='ltr'>probare</span> <span class='ocrx_word' id='word_1_197' title='bbox 785 2037 980 2090; x_wconf 88' lang='lat' dir='ltr'>solent.</span> <span class='ocrx_word' id='word_1_198' title='bbox 1081 2037 1210 2090; x_wconf 91' lang='lat' dir='ltr'>Cum</span> <span class='ocrx_word' id='word_1_199' title='bbox 1271 2039 1417 2091; x_wconf 90' lang='lat' dir='ltr'>enim</span> <span class='ocrx_word' id='word_1_200' title='bbox 1474 2039 1557 2091; x_wconf 88' lang='lat' dir='ltr'>illi</span> <span class='ocrx_word' id='word_1_201' title='bbox 1615 2039 1940 2093; x_wconf 87' lang='lat' dir='ltr'>sanctissimi</span> <span class='ocrx_word' id='word_1_202' title='bbox 1991 2041 2112 2105; x_wconf 81' lang='lat' dir='ltr'>viri,</span> <span class='ocrx_word' id='word_1_203' title='bbox 2172 2042 2265 2111; x_wconf 89' lang='lat' dir='ltr'>qui</span> 
     </span>
     <span class='ocr_line' id='line_1_25' title="bbox 218 2111 2262 2185; baseline 0.003 -23"><span class='ocrx_word' id='word_1_204' title='bbox 218 2111 470 2162; x_wconf 84' lang='lat' dir='ltr'>recitatas</span> <span class='ocrx_word' id='word_1_205' title='bbox 511 2111 767 2179; x_wconf 89' lang='lat' dir='ltr'>epistolas</span> <span class='ocrx_word' id='word_1_206' title='bbox 806 2111 1157 2179; x_wconf 84' lang='lat' dir='ltr'>scripserunt,</span> <span class='ocrx_word' id='word_1_207' title='bbox 1199 2113 1275 2165; x_wconf 89' lang='lat' dir='ltr'>sic</span> <span class='ocrx_word' id='word_1_208' title='bbox 1314 2114 1693 2182; x_wconf 87' lang='lat' dir='ltr'>splenduerint</span> <span class='ocrx_word' id='word_1_209' title='bbox 1733 2112 1992 2182; x_wconf 89' lang='lat' dir='ltr'>(Cyrillus</span> <span class='ocrx_word' id='word_1_210' title='bbox 2033 2119 2087 2168; x_wconf 93' lang='lat' dir='ltr'>et</span> <span class='ocrx_word' id='word_1_211' title='bbox 2113 2115 2262 2185; x_wconf 89' lang='lat' dir='ltr'>Leo),</span> 
     </span>
     <span class='ocr_line' id='line_1_26' title="bbox 218 2185 2261 2257; baseline 0.001 -18"><span class='ocrx_word' id='word_1_212' title='bbox 218 2190 398 2239; x_wconf 90' lang='lat' dir='ltr'>tamen</span> <span class='ocrx_word' id='word_1_213' title='bbox 436 2185 790 2253; x_wconf 88' lang='lat' dir='ltr'>epistolarum</span> <span class='ocrx_word' id='word_1_214' title='bbox 829 2203 1013 2237; x_wconf 90' lang='lat' dir='ltr'>earum</span> <span class='ocrx_word' id='word_1_215' title='bbox 1054 2185 1123 2252; x_wconf 87' lang='lat' dir='ltr'>(v.</span> <span class='ocrx_word' id='word_1_216' title='bbox 1165 2189 1372 2256; x_wconf 91' lang='lat' dir='ltr'>eorum)</span> <span class='ocrx_word' id='word_1_217' title='bbox 1429 2189 1928 2257; x_wconf 89' lang='lat' dir='ltr'>comprobationem</span> <span class='ocrx_word' id='word_1_218' title='bbox 1979 2208 2093 2242; x_wconf 91' lang='lat' dir='ltr'>non</span> <span class='ocrx_word' id='word_1_219' title='bbox 2134 2191 2261 2242; x_wconf 88' lang='lat' dir='ltr'>sim-</span> 
     </span>
     <span class='ocr_line' id='line_1_27' title="bbox 218 2259 2259 2334; baseline 0.003 -23"><span class='ocrx_word' id='word_1_220' title='bbox 218 2259 450 2330; x_wconf 86' lang='lat' dir='ltr'>pliciter,</span> <span class='ocrx_word' id='word_1_221' title='bbox 503 2278 600 2311; x_wconf 88' lang='lat' dir='ltr'>nec</span> <span class='ocrx_word' id='word_1_222' title='bbox 638 2260 754 2312; x_wconf 89' lang='lat' dir='ltr'>sine</span> <span class='ocrx_word' id='word_1_223' title='bbox 806 2259 1159 2327; x_wconf 84' lang='lat' dir='ltr'>inquisitione</span> <span class='ocrx_word' id='word_1_224' title='bbox 1211 2262 1471 2326; x_wconf 86' lang='lat' dir='ltr'>fecerunt,</span> <span class='ocrx_word' id='word_1_225' title='bbox 1525 2262 1632 2315; x_wconf 88' lang='lat' dir='ltr'>nisi</span> <span class='ocrx_word' id='word_1_226' title='bbox 1683 2281 1780 2331; x_wconf 87' lang='lat' dir='ltr'>per</span> <span class='ocrx_word' id='word_1_227' title='bbox 1833 2264 2015 2316; x_wconf 90' lang='lat' dir='ltr'>omnia</span> <span class='ocrx_word' id='word_1_228' title='bbox 2054 2282 2259 2334; x_wconf 89' lang='lat' dir='ltr'>cogno-</span> 
     </span>
     <span class='ocr_line' id='line_1_28' title="bbox 217 2335 2258 2403; baseline 0.001 -16"><span class='ocrx_word' id='word_1_229' title='bbox 217 2335 421 2387; x_wconf 84' lang='lat' dir='ltr'>vissent</span> <span class='ocrx_word' id='word_1_230' title='bbox 460 2352 756 2386; x_wconf 88' lang='lat' dir='ltr'>consonare</span> <span class='ocrx_word' id='word_1_231' title='bbox 797 2351 881 2385; x_wconf 88' lang='lat' dir='ltr'>eas</span> <span class='ocrx_word' id='word_1_232' title='bbox 923 2335 1250 2402; x_wconf 88' lang='lat' dir='ltr'>expositioni</span> <span class='ocrx_word' id='word_1_233' title='bbox 1289 2340 1342 2389; x_wconf 92' lang='lat' dir='ltr'>et</span> <span class='ocrx_word' id='word_1_234' title='bbox 1382 2337 1640 2389; x_wconf 75' lang='lat' dir='ltr'>doctrinae</span> <span class='ocrx_word' id='word_1_235' title='bbox 1679 2341 1992 2390; x_wconf 89' lang='lat' dir='ltr'>sanctorum</span> <span class='ocrx_word' id='word_1_236' title='bbox 2018 2338 2258 2403; x_wconf 89' lang='lat' dir='ltr'>Patrum,</span> 
     </span>
     <span class='ocr_line' id='line_1_29' title="bbox 219 2407 2260 2482; baseline 0.002 -21"><span class='ocrx_word' id='word_1_237' title='bbox 219 2410 286 2461; x_wconf 86' lang='lat' dir='ltr'>ad</span> <span class='ocrx_word' id='word_1_238' title='bbox 337 2427 496 2476; x_wconf 86' lang='lat' dir='ltr'>quam</span> <span class='ocrx_word' id='word_1_239' title='bbox 548 2411 601 2460; x_wconf 90' lang='lat' dir='ltr'>et</span> <span class='ocrx_word' id='word_1_240' title='bbox 654 2407 872 2461; x_wconf 88' lang='lat' dir='ltr'>collatio</span> <span class='ocrx_word' id='word_1_241' title='bbox 929 2408 1072 2461; x_wconf 86' lang='lat' dir='ltr'>facta</span> <span class='ocrx_word' id='word_1_242' title='bbox 1124 2414 1256 2463; x_wconf 88' lang='lat' dir='ltr'>est.»</span> <span class='ocrx_word' id='word_1_243' title='bbox 1356 2410 1558 2476; x_wconf 84' lang='lat' dir='ltr'>(Mansi</span> <span class='ocrx_word' id='word_1_244' title='bbox 1609 2415 1740 2464; x_wconf 89' lang='lat' dir='ltr'>tom.</span> <span class='ocrx_word' id='word_1_245' title='bbox 1797 2410 1890 2463; x_wconf 88' lang='lat' dir='ltr'>IX.</span> <span class='ocrx_word' id='word_1_246' title='bbox 1943 2431 2068 2482; x_wconf 88' lang='lat' dir='ltr'>pag.</span> <span class='ocrx_word' id='word_1_247' title='bbox 2113 2413 2260 2482; x_wconf 87' lang='lat'>337.)</span> 
     </span>
     <span class='ocr_line' id='line_1_30' title="bbox 219 2481 2259 2553; baseline 0.002 -18"><span class='ocrx_word' id='word_1_248' title='bbox 219 2484 299 2535; x_wconf 92' lang='lat' dir='ltr'>De</span> <span class='ocrx_word' id='word_1_249' title='bbox 338 2481 446 2534; x_wconf 83' lang='lat' dir='ltr'>Ibae</span> <span class='ocrx_word' id='word_1_250' title='bbox 485 2485 660 2535; x_wconf 89' lang='lat' dir='ltr'>autem</span> <span class='ocrx_word' id='word_1_251' title='bbox 705 2483 934 2551; x_wconf 89' lang='lat' dir='ltr'>epistola</span> <span class='ocrx_word' id='word_1_252' title='bbox 974 2502 1086 2535; x_wconf 90' lang='lat' dir='ltr'>non</span> <span class='ocrx_word' id='word_1_253' title='bbox 1135 2484 1213 2537; x_wconf 89' lang='lat' dir='ltr'>ita</span> <span class='ocrx_word' id='word_1_254' title='bbox 1265 2489 1478 2553; x_wconf 89' lang='lat' dir='ltr'>gestum</span> <span class='ocrx_word' id='word_1_255' title='bbox 1517 2504 1630 2538; x_wconf 90' lang='lat' dir='ltr'>esse</span> <span class='ocrx_word' id='word_1_256' title='bbox 1670 2487 1954 2539; x_wconf 88' lang='lat' dir='ltr'>constabat</span> <span class='ocrx_word' id='word_1_257' title='bbox 2007 2506 2071 2538; x_wconf 91' lang='lat' dir='ltr'>ex</span> <span class='ocrx_word' id='word_1_258' title='bbox 2109 2487 2259 2539; x_wconf 90' lang='lat' dir='ltr'>actis.</span> 
     </span>
     <span class='ocr_line' id='line_1_31' title="bbox 220 2556 2263 2628; baseline 0.001 -18"><span class='ocrx_word' id='word_1_259' title='bbox 220 2558 293 2610; x_wconf 86' lang='lat' dir='ltr'>Et</span> <span class='ocrx_word' id='word_1_260' title='bbox 346 2575 409 2608; x_wconf 90' lang='lat' dir='ltr'>ex</span> <span class='ocrx_word' id='word_1_261' title='bbox 461 2556 568 2608; x_wconf 89' lang='lat' dir='ltr'>alia</span> <span class='ocrx_word' id='word_1_262' title='bbox 622 2561 776 2625; x_wconf 87' lang='lat' dir='ltr'>parte</span> <span class='ocrx_word' id='word_1_263' title='bbox 835 2557 1138 2610; x_wconf 88' lang='lat' dir='ltr'>examinata</span> <span class='ocrx_word' id='word_1_264' title='bbox 1197 2560 1378 2611; x_wconf 85' lang='lat' dir='ltr'>eadem</span> <span class='ocrx_word' id='word_1_265' title='bbox 1436 2559 1666 2628; x_wconf 88' lang='lat' dir='ltr'>epistola</span> <span class='ocrx_word' id='word_1_266' title='bbox 1719 2561 1969 2628; x_wconf 88' lang='lat' dir='ltr'>synodali</span> <span class='ocrx_word' id='word_1_267' title='bbox 2021 2561 2263 2613; x_wconf 90' lang='lat' dir='ltr'>examine</span> 
     </span>
     <span class='ocr_line' id='line_1_32' title="bbox 218 2632 2263 2703; baseline 0.001 -19"><span class='ocrx_word' id='word_1_268' title='bbox 218 2633 439 2684; x_wconf 88' lang='lat' dir='ltr'>inventa</span> <span class='ocrx_word' id='word_1_269' title='bbox 478 2636 559 2683; x_wconf 89' lang='lat' dir='ltr'>est</span> <span class='ocrx_word' id='word_1_270' title='bbox 598 2632 870 2684; x_wconf 83' lang='lat' dir='ltr'>contraria</span> <span class='ocrx_word' id='word_1_271' title='bbox 906 2651 1003 2700; x_wconf 90' lang='lat' dir='ltr'>per</span> <span class='ocrx_word' id='word_1_272' title='bbox 1043 2633 1224 2684; x_wconf 90' lang='lat' dir='ltr'>omnia</span> <span class='ocrx_word' id='word_1_273' title='bbox 1265 2634 1587 2698; x_wconf 88' lang='lat' dir='ltr'>definitioni,</span> <span class='ocrx_word' id='word_1_274' title='bbox 1629 2653 1787 2703; x_wconf 88' lang='lat' dir='ltr'>quam</span> <span class='ocrx_word' id='word_1_275' title='bbox 1827 2653 1926 2703; x_wconf 92' lang='lat' dir='ltr'>pro</span> <span class='ocrx_word' id='word_1_276' title='bbox 1966 2639 2114 2689; x_wconf 92' lang='lat' dir='ltr'>recta</span> <span class='ocrx_word' id='word_1_277' title='bbox 2160 2636 2263 2687; x_wconf 92' lang='lat' dir='ltr'>fide</span> 
     </span>
     <span class='ocr_line' id='line_1_33' title="bbox 221 2705 2261 2777; baseline 0.001 -18"><span class='ocrx_word' id='word_1_278' title='bbox 221 2705 668 2759; x_wconf 89' lang='lat' dir='ltr'>Chalcedonensis</span> <span class='ocrx_word' id='word_1_279' title='bbox 726 2709 781 2759; x_wconf 90' lang='lat' dir='ltr'>et</span> <span class='ocrx_word' id='word_1_280' title='bbox 838 2705 1113 2774; x_wconf 85' lang='lat' dir='ltr'>Ephesina</span> <span class='ocrx_word' id='word_1_281' title='bbox 1182 2708 1421 2775; x_wconf 88' lang='lat' dir='ltr'>synodus</span> <span class='ocrx_word' id='word_1_282' title='bbox 1486 2709 1996 2777; x_wconf 84' lang='lat' dir='ltr'>pronunciaverant.</span> <span class='ocrx_word' id='word_1_283' title='bbox 2106 2708 2261 2762; x_wconf 91' lang='lat' dir='ltr'>Unde</span> 
     </span>
     <span class='ocr_line' id='line_1_34' title="bbox 219 2779 2261 2851; baseline 0.001 -18"><span class='ocrx_word' id='word_1_284' title='bbox 219 2779 609 2849; x_wconf 83' lang='lat' dir='ltr'>sapientissime</span> <span class='ocrx_word' id='word_1_285' title='bbox 669 2781 980 2833; x_wconf 88' lang='lat' dir='ltr'>conclusum</span> <span class='ocrx_word' id='word_1_286' title='bbox 1032 2784 1085 2833; x_wconf 92' lang='lat' dir='ltr'>et</span> <span class='ocrx_word' id='word_1_287' title='bbox 1138 2781 1422 2835; x_wconf 89' lang='lat' dir='ltr'>definitum</span> <span class='ocrx_word' id='word_1_288' title='bbox 1475 2787 1585 2836; x_wconf 91' lang='lat' dir='ltr'>est:</span> <span class='ocrx_word' id='word_1_289' title='bbox 1646 2782 1756 2835; x_wconf 82' lang='lat' dir='ltr'>Ibae</span> <span class='ocrx_word' id='word_1_290' title='bbox 1813 2784 2098 2851; x_wconf 88' lang='lat' dir='ltr'>epistolam</span> <span class='ocrx_word' id='word_1_291' title='bbox 2149 2802 2261 2835; x_wconf 90' lang='lat' dir='ltr'>esse</span> 
     </span>
     <span class='ocr_line' id='line_1_35' title="bbox 217 2854 2260 2926; baseline 0.001 -19"><span class='ocrx_word' id='word_1_292' title='bbox 217 2854 537 2917; x_wconf 73' lang='lat' dir='ltr'>haereticam,</span> <span class='ocrx_word' id='word_1_293' title='bbox 581 2873 612 2907; x_wconf 90' lang='lat' dir='ltr'>a</span> <span class='ocrx_word' id='word_1_294' title='bbox 652 2854 1075 2908; x_wconf 90' lang='lat' dir='ltr'>Chalcedonensi</span> <span class='ocrx_word' id='word_1_295' title='bbox 1113 2857 1321 2924; x_wconf 89' lang='lat' dir='ltr'>synodo</span> <span class='ocrx_word' id='word_1_296' title='bbox 1362 2875 1459 2909; x_wconf 91' lang='lat' dir='ltr'>nec</span> <span class='ocrx_word' id='word_1_297' title='bbox 1496 2875 1609 2910; x_wconf 89' lang='lat' dir='ltr'>esse</span> <span class='ocrx_word' id='word_1_298' title='bbox 1648 2861 1965 2926; x_wconf 87' lang='lat' dir='ltr'>susceptam,</span> <span class='ocrx_word' id='word_1_299' title='bbox 2006 2876 2104 2909; x_wconf 92' lang='lat' dir='ltr'>nec</span> <span class='ocrx_word' id='word_1_300' title='bbox 2144 2876 2260 2910; x_wconf 87' lang='lat' dir='ltr'>sus-</span> 
     </span>
     <span class='ocr_line' id='line_1_36' title="bbox 221 2927 1196 3000; baseline 0 -18"><span class='ocrx_word' id='word_1_301' title='bbox 221 2930 329 2999; x_wconf 91' lang='lat' dir='ltr'>cipi</span> <span class='ocrx_word' id='word_1_302' title='bbox 366 2928 622 2997; x_wconf 85' lang='lat' dir='ltr'>potuisse.</span> <span class='ocrx_word' id='word_1_303' title='bbox 703 2927 844 2996; x_wconf 90' lang='lat' dir='ltr'>(Ibid</span> <span class='ocrx_word' id='word_1_304' title='bbox 883 2949 1004 3000; x_wconf 87' lang='lat' dir='ltr'>pag.</span> <span class='ocrx_word' id='word_1_305' title='bbox 1050 2930 1196 2999; x_wconf 82' lang='lat'>345.)</span> 
     </span>
    </p>

    <p class='ocr_par' dir='ltr' id='par_1_5' title="bbox 219 3003 2259 3592">
     <span class='ocr_line' id='line_1_37' title="bbox 367 3003 2258 3074; baseline 0.001 -20"><span class='ocrx_word' id='word_1_306' title='bbox 367 3003 449 3054; x_wconf 82' lang='lat' dir='ltr'>Ex</span> <span class='ocrx_word' id='word_1_307' title='bbox 489 3003 681 3072; x_wconf 88' lang='lat' dir='ltr'>quibus</span> <span class='ocrx_word' id='word_1_308' title='bbox 722 3005 985 3068; x_wconf 79' lang='lat' dir='ltr'>omnibUS,</span> <span class='ocrx_word' id='word_1_309' title='bbox 1029 3023 1092 3056; x_wconf 91' lang='lat' dir='ltr'>ex</span> <span class='ocrx_word' id='word_1_310' title='bbox 1131 3005 1379 3073; x_wconf 90' lang='lat' dir='ltr'>synodali</span> <span class='ocrx_word' id='word_1_311' title='bbox 1421 3004 1679 3067; x_wconf 89' lang='lat' dir='ltr'>examine,</span> <span class='ocrx_word' id='word_1_312' title='bbox 1722 3023 1827 3074; x_wconf 87' lang='lat' dir='ltr'>quo</span> <span class='ocrx_word' id='word_1_313' title='bbox 1859 3003 2160 3057; x_wconf 90' lang='lat' dir='ltr'>Concilium</span> <span class='ocrx_word' id='word_1_314' title='bbox 2200 3005 2258 3057; x_wconf 91' lang='lat' dir='ltr'>in</span> 
     </span>
     <span class='ocr_line' id='line_1_38' title="bbox 219 3077 2259 3147; baseline 0.001 -18"><span class='ocrx_word' id='word_1_315' title='bbox 219 3077 563 3130; x_wconf 88' lang='lat' dir='ltr'>damnatione</span> <span class='ocrx_word' id='word_1_316' title='bbox 603 3079 847 3147; x_wconf 83' lang='lat' dir='ltr'>epistolae</span> <span class='ocrx_word' id='word_1_317' title='bbox 885 3079 994 3131; x_wconf 80' lang='lat' dir='ltr'>Ibae</span> <span class='ocrx_word' id='word_1_318' title='bbox 1046 3079 1326 3146; x_wconf 91' lang='lat' dir='ltr'>processit,</span> <span class='ocrx_word' id='word_1_319' title='bbox 1377 3078 1724 3130; x_wconf 84' lang='lat' dir='ltr'>manifestum</span> <span class='ocrx_word' id='word_1_320' title='bbox 1777 3082 1884 3131; x_wconf 87' lang='lat' dir='ltr'>est:</span> <span class='ocrx_word' id='word_1_321' title='bbox 1939 3097 2150 3131; x_wconf 88' lang='lat' dir='ltr'>causam</span> <span class='ocrx_word' id='word_1_322' title='bbox 2195 3079 2259 3131; x_wconf 94' lang='lat' dir='ltr'>de</span> 
     </span>
     <span class='ocr_line' id='line_1_39' title="bbox 221 3151 2258 3223; baseline 0.001 -20"><span class='ocrx_word' id='word_1_323' title='bbox 221 3151 450 3219; x_wconf 90' lang='lat' dir='ltr'>epistola</span> <span class='ocrx_word' id='word_1_324' title='bbox 489 3151 596 3204; x_wconf 88' lang='lat' dir='ltr'>Ibae</span> <span class='ocrx_word' id='word_1_325' title='bbox 635 3153 800 3205; x_wconf 84' lang='lat' dir='ltr'>fuisse</span> <span class='ocrx_word' id='word_1_326' title='bbox 841 3154 1201 3223; x_wconf 84' lang='lat' dir='ltr'>dogmaticam</span> <span class='ocrx_word' id='word_1_327' title='bbox 1239 3153 1466 3221; x_wconf 88' lang='lat' dir='ltr'>ideoque</span> <span class='ocrx_word' id='word_1_328' title='bbox 1515 3152 1581 3203; x_wconf 89' lang='lat' dir='ltr'>ad</span> <span class='ocrx_word' id='word_1_329' title='bbox 1621 3151 1925 3204; x_wconf 88' lang='lat' dir='ltr'>universam</span> <span class='ocrx_word' id='word_1_330' title='bbox 1964 3153 2258 3205; x_wconf 85' lang='lat' dir='ltr'>Ecclesiam</span> 
     </span>
     <span class='ocr_line' id='line_1_40' title="bbox 221 3226 2257 3295; baseline 0.001 -18"><span class='ocrx_word' id='word_1_331' title='bbox 221 3228 583 3293; x_wconf 88' lang='lat' dir='ltr'>spectantem:</span> <span class='ocrx_word' id='word_1_332' title='bbox 636 3227 860 3280; x_wconf 88' lang='lat' dir='ltr'>definire</span> <span class='ocrx_word' id='word_1_333' title='bbox 913 3228 1196 3295; x_wconf 86' lang='lat' dir='ltr'>epistolam</span> <span class='ocrx_word' id='word_1_334' title='bbox 1248 3227 1357 3279; x_wconf 83' lang='lat' dir='ltr'>Ibae</span> <span class='ocrx_word' id='word_1_335' title='bbox 1407 3226 1570 3278; x_wconf 85' lang='lat' dir='ltr'>fuisse</span> <span class='ocrx_word' id='word_1_336' title='bbox 1621 3229 1920 3295; x_wconf 89' lang='lat' dir='ltr'>susceptam</span> <span class='ocrx_word' id='word_1_337' title='bbox 1967 3246 1998 3279; x_wconf 91' lang='lat' dir='ltr'>a</span> <span class='ocrx_word' id='word_1_338' title='bbox 2038 3226 2257 3280; x_wconf 87' lang='lat' dir='ltr'>Chalce-</span> 
     </span>
     <span class='ocr_line' id='line_1_41' title="bbox 221 3299 2253 3368; baseline 0.001 -18"><span class='ocrx_word' id='word_1_339' title='bbox 221 3299 450 3351; x_wconf 86' lang='lat' dir='ltr'>donensi</span> <span class='ocrx_word' id='word_1_340' title='bbox 489 3300 713 3367; x_wconf 81' lang='lat' dir='ltr'>synodO,</span> <span class='ocrx_word' id='word_1_341' title='bbox 754 3301 894 3354; x_wconf 88' lang='lat' dir='ltr'>idem</span> <span class='ocrx_word' id='word_1_342' title='bbox 933 3305 1050 3353; x_wconf 91' lang='lat' dir='ltr'>erat</span> <span class='ocrx_word' id='word_1_343' title='bbox 1075 3319 1136 3353; x_wconf 90' lang='lat' dir='ltr'>ac</span> <span class='ocrx_word' id='word_1_344' title='bbox 1164 3301 1386 3353; x_wconf 90' lang='lat' dir='ltr'>definire</span> <span class='ocrx_word' id='word_1_345' title='bbox 1414 3299 1700 3368; x_wconf 88' lang='lat' dir='ltr'>epistolam</span> <span class='ocrx_word' id='word_1_346' title='bbox 1727 3319 1840 3353; x_wconf 88' lang='lat' dir='ltr'>esse</span> <span class='ocrx_word' id='word_1_347' title='bbox 1867 3301 2253 3354; x_wconf 83' lang='lat' dir='ltr'>orthodoxam:</span> 
     </span>
     <span class='ocr_line' id='line_1_42' title="bbox 223 3373 2256 3444; baseline 0.001 -20"><span class='ocrx_word' id='word_1_348' title='bbox 223 3390 460 3424; x_wconf 88' lang='lat' dir='ltr'>errorem</span> <span class='ocrx_word' id='word_1_349' title='bbox 501 3373 630 3427; x_wconf 89' lang='lat' dir='ltr'>facti</span> <span class='ocrx_word' id='word_1_350' title='bbox 671 3392 847 3427; x_wconf 89' lang='lat' dir='ltr'>secum</span> <span class='ocrx_word' id='word_1_351' title='bbox 887 3376 1164 3427; x_wconf 85' lang='lat' dir='ltr'>involvere</span> <span class='ocrx_word' id='word_1_352' title='bbox 1203 3392 1435 3428; x_wconf 85' lang='lat' dir='ltr'>errorem</span> <span class='ocrx_word' id='word_1_353' title='bbox 1479 3373 1773 3443; x_wconf 80' lang='lat' dir='ltr'>dogmatis:</span> <span class='ocrx_word' id='word_1_354' title='bbox 1816 3375 2040 3444; x_wconf 90' lang='lat' dir='ltr'>ideoque</span> <span class='ocrx_word' id='word_1_355' title='bbox 2067 3376 2256 3428; x_wconf 90' lang='lat' dir='ltr'>defini-</span> 
     </span>
     <span class='ocr_line' id='line_1_43' title="bbox 222 3445 2254 3519; baseline 0.001 -21"><span class='ocrx_word' id='word_1_356' title='bbox 222 3446 428 3499; x_wconf 91' lang='lat' dir='ltr'>tionem</span> <span class='ocrx_word' id='word_1_357' title='bbox 466 3445 660 3516; x_wconf 86' lang='lat' dir='ltr'>Vigilii</span> <span class='ocrx_word' id='word_1_358' title='bbox 717 3447 773 3500; x_wconf 91' lang='lat' dir='ltr'>in</span> <span class='ocrx_word' id='word_1_359' title='bbox 830 3468 888 3502; x_wconf 92' lang='lat' dir='ltr'>re</span> <span class='ocrx_word' id='word_1_360' title='bbox 946 3449 1249 3519; x_wconf 87' lang='lat' dir='ltr'>dogmatica</span> <span class='ocrx_word' id='word_1_361' title='bbox 1305 3465 1570 3516; x_wconf 88' lang='lat' dir='ltr'>peccasse:</span> <span class='ocrx_word' id='word_1_362' title='bbox 1631 3467 1787 3517; x_wconf 87' lang='lat' dir='ltr'>quem</span> <span class='ocrx_word' id='word_1_363' title='bbox 1846 3468 2083 3502; x_wconf 89' lang='lat' dir='ltr'>errorem</span> <span class='ocrx_word' id='word_1_364' title='bbox 2140 3449 2254 3518; x_wconf 90' lang='lat' dir='ltr'>ipse</span> 
     </span>
     <span class='ocr_line' id='line_1_44' title="bbox 222 3519 2252 3592; baseline 0.002 -21"><span class='ocrx_word' id='word_1_365' title='bbox 222 3519 463 3590; x_wconf 88' lang='lat' dir='ltr'>Vigilius</span> <span class='ocrx_word' id='word_1_366' title='bbox 501 3538 642 3574; x_wconf 88' lang='lat' dir='ltr'>novo</span> <span class='ocrx_word' id='word_1_367' title='bbox 685 3521 994 3577; x_wconf 87' lang='lat' dir='ltr'>Constituto</span> <span class='ocrx_word' id='word_1_368' title='bbox 1034 3522 1364 3575; x_wconf 88' lang='lat' dir='ltr'>retractavit.</span> <span class='ocrx_word' id='word_1_369' title='bbox 1457 3519 1655 3588; x_wconf 88' lang='lat' dir='ltr'>(Mansi</span> <span class='ocrx_word' id='word_1_370' title='bbox 1704 3526 1832 3575; x_wconf 90' lang='lat' dir='ltr'>tom.</span> <span class='ocrx_word' id='word_1_371' title='bbox 1875 3523 1968 3577; x_wconf 91' lang='lat' dir='ltr'>IX.</span> <span class='ocrx_word' id='word_1_372' title='bbox 2010 3543 2059 3592; x_wconf 91' lang='lat' dir='ltr'>p.</span> <span class='ocrx_word' id='word_1_373' title='bbox 2105 3522 2252 3591; x_wconf 80' lang='lat'>488.)</span> 
     </span>
    </p>

    <p class='ocr_par' dir='ltr' id='par_1_6' title="bbox 222 3594 2254 3742">
     <span class='ocr_line' id='line_1_45' title="bbox 371 3594 2253 3661; baseline 0.001 -15"><span class='ocrx_word' id='word_1_374' title='bbox 371 3594 453 3646; x_wconf 88' lang='lat' dir='ltr'>Ex</span> <span class='ocrx_word' id='word_1_375' title='bbox 509 3595 642 3648; x_wconf 88' lang='lat' dir='ltr'>actis</span> <span class='ocrx_word' id='word_1_376' title='bbox 683 3595 911 3649; x_wconf 90' lang='lat' dir='ltr'>Concilii</span> <span class='ocrx_word' id='word_1_377' title='bbox 950 3596 1015 3649; x_wconf 90' lang='lat' dir='ltr'>V.</span> <span class='ocrx_word' id='word_1_378' title='bbox 1056 3596 1152 3649; x_wconf 91' lang='lat' dir='ltr'>IV.</span> <span class='ocrx_word' id='word_1_379' title='bbox 1206 3599 1259 3648; x_wconf 91' lang='lat' dir='ltr'>et</span> <span class='ocrx_word' id='word_1_380' title='bbox 1298 3594 1396 3647; x_wconf 91' lang='lat' dir='ltr'>III.</span> <span class='ocrx_word' id='word_1_381' title='bbox 1451 3596 1798 3649; x_wconf 86' lang='lat' dir='ltr'>manifestum</span> <span class='ocrx_word' id='word_1_382' title='bbox 1849 3601 1946 3661; x_wconf 89' lang='lat' dir='ltr'>est,</span> <span class='ocrx_word' id='word_1_383' title='bbox 2001 3615 2182 3649; x_wconf 90' lang='lat' dir='ltr'>causas</span> <span class='ocrx_word' id='word_1_384' title='bbox 2222 3615 2253 3648; x_wconf 86' lang='lat' dir='ltr'>a</span> 
     </span>
     <span class='ocr_line' id='line_1_46' title="bbox 222 3666 2254 3742; baseline 0 -19"><span class='ocrx_word' id='word_1_385' title='bbox 222 3668 376 3723; x_wconf 78' lang='lat' dir='ltr'>Rom.</span> <span class='ocrx_word' id='word_1_386' title='bbox 418 3666 684 3723; x_wconf 89' lang='lat' dir='ltr'>Pontifice</span> <span class='ocrx_word' id='word_1_387' title='bbox 705 3671 816 3740; x_wconf 85' lang='lat' dir='ltr'>jam</span> <span class='ocrx_word' id='word_1_388' title='bbox 837 3671 1119 3742; x_wconf 76' lang='lat' dir='ltr'>judicataS,</span> <span class='ocrx_word' id='word_1_389' title='bbox 1147 3688 1289 3725; x_wconf 87' lang='lat' dir='ltr'>novo</span> <span class='ocrx_word' id='word_1_390' title='bbox 1318 3687 1550 3741; x_wconf 86' lang='lat' dir='ltr'>veroque</span> <span class='ocrx_word' id='word_1_391' title='bbox 1575 3671 1824 3737; x_wconf 86' lang='lat' dir='ltr'>examini,</span> <span class='ocrx_word' id='word_1_392' title='bbox 1852 3689 1992 3725; x_wconf 88' lang='lat' dir='ltr'>novo</span> <span class='ocrx_word' id='word_1_393' title='bbox 2020 3687 2254 3742; x_wconf 85' lang='lat' dir='ltr'>veroque</span> 
     </span>
    </p>
   </div>
  </div>
 </body>
</html>
