2722 4146
2128 251 2196 318 69

158 408 370 462 decreta
409 408 632 478 propria
671 408 997 462 auctoritate
1036 413 1090 463 et
1129 411 1388 482 suffragio
1431 411 1666 473 firment,
1722 413 1776 463 et
1827 411 1905 464 ita
1959 412 2028 464 sit
2070 423 2199 465 0011-

156 483 340 536 cilium
378 501 502 535 vere
538 483 921 535 oecumenicum
961 487 1016 536 et
1053 486 1322 554 generale,
1372 485 1512 554 quod
1555 484 1796 537 omnium
1836 485 2196 551 ecclesiarum,

154 557 394 610 omnium
434 557 828 626 Episcoporum
868 576 980 610 non
1034 577 1229 611 coecam
1281 559 1658 623 obedientiam,
1713 559 1804 611 sed
1857 560 2028 624 fidem,
2071 579 2198 614 auc-

153 632 449 694 toritatem,
491 630 811 700 suffragium
850 632 1133 700 exprimat.

301 705 433 758 Cum
471 723 601 774 ergo
643 704 750 758 Leo
789 704 862 758 II.
912 706 1049 759 sexti
1090 706 1319 759 Concilii
1359 706 1732 759 definitionem
1787 707 1853 758 ad
1895 707 2196 777 Episcopos

151 779 428 848 Hispaniae
467 778 716 843 misisset,
758 783 822 832 ut
860 779 1009 831 illam
1048 781 1383 849 susciperent
1423 780 1626 849 illique,
1686 799 1747 832 ac
1805 781 1852 832 si
1903 787 2196 850 praesentes

150 854 380 906 fuissent
420 852 692 915 Concilio,
747 853 1114 917 subscribant,
1174 854 1498 923 populisque
1548 855 1928 924 promulgent;
1991 857 2195 925 optime

150 927 539 980 intellexerunt
579 927 963 995 sapientissimi
1004 929 1086 979 illi
1128 929 1399 996 praesules,
1441 947 1552 980 non
1593 947 1788 980 coecam
1825 933 2043 982 tantum
2072 932 2197 983 obe-

149 1001 409 1054 dientiam
447 1002 513 1053 ab
552 1001 685 1069 ipsis
726 1002 1011 1069 postulari,
1053 1003 1143 1054 sed
1189 1002 1429 1070 propriae
1479 1003 1824 1055 auctoritatis
1880 1005 2090 1071 pondus
2142 1011 2196 1058 et

153 1075 500 1145 suffragium:
542 1075 768 1143 ideoque
807 1076 1178 1128 definitionem
1219 1079 1420 1128 sanctae
1459 1077 1654 1143 synodi
1706 1095 1818 1128 non
1858 1077 2195 1146 simpliciter,

148 1150 239 1202 sed
279 1149 555 1218 praemisso
596 1150 838 1201 examine
865 1151 1200 1218 synodaliter
1228 1168 1340 1202 esse
1368 1150 1777 1218 suscipiendam.
1857 1150 2013 1203 Unde
2040 1153 2194 1204 lucu-

148 1224 322 1276 lenter
360 1227 604 1293 apparet,
659 1243 820 1292 quam
869 1225 1031 1294 longe
1082 1227 1214 1276 tunc
1264 1224 1525 1292 temporis
1566 1228 1744 1277 essent
1783 1224 2015 1293 Hispani
2054 1245 2194 1294 pree-

149 1298 291 1350 sules
330 1299 395 1350 ab
436 1317 496 1350 ea
553 1298 841 1361 sententia,
895 1317 1012 1367 quae
1065 1298 1221 1351 docet
1272 1298 1430 1350 unius
1470 1298 1624 1350 Rom.
1679 1298 1962 1352 Pontificis
2011 1319 2196 1367 perso-

150 1373 327 1424 nalem
365 1376 419 1425 et
458 1391 489 1424 a
528 1376 648 1425 tota
681 1372 914 1424 Ecclesia
940 1372 1389 1440 independentem
1417 1370 1762 1423 infallibilem
1793 1374 2193 1438 auctoritatem,

150 1465 270 1498 cum
310 1450 435 1514 post
475 1446 875 1498 damnationem
914 1466 944 1498 a
983 1446 1034 1499 S.
1064 1446 1304 1498 Martino
1347 1447 1546 1498 factam
1573 1446 1631 1498 111
1660 1446 1902 1499 Concilio
1933 1447 2194 1511 Romano,

150 1524 276 1588 post
332 1521 616 1588 epistolam
668 1519 978 1590 Agathonis
1036 1519 1412 1590 dogmaticam,
1472 1523 1600 1587 post
1657 1520 1943 1588 epistolam
2001 1522 2196 1588 synodi

150 1594 404 1646 Romanae
443 1596 541 1647 sub
581 1593 887 1664 Agathone,
945 1598 1072 1663 post
1130 1593 1501 1646 definitionem
1553 1593 1780 1646 Patrum
1838 1594 1894 1646 in
1954 1594 2195 1648 Concilio

148 1671 318 1732 sexto,
370 1669 609 1720 nondum
660 1666 763 1720 sibi
814 1670 1118 1737 ademptam
1159 1667 1607 1719 existimaverunt
1658 1671 1982 1735 potestatem
2031 1688 2195 1737 syno-

149 1742 341 1795 daliter
394 1742 675 1812 judicandi
728 1746 782 1795 et
838 1742 1163 1810 suscipiendi
1222 1741 1557 1808 synodaliter
1617 1741 1889 1794 decretum
1949 1742 2194 1797 Concilii.

149 1815 259 1868 Nec
315 1817 417 1869 hoc
474 1820 632 1869 nocet
674 1816 929 1868 Ecclesiae
987 1818 1129 1868 bono
1190 1818 1245 1868 et
1284 1816 1600 1884 disciplinae,
1661 1816 1786 1885 quia
1844 1816 2043 1869 veritas
2083 1836 2195 1870 non

148 1892 351 1961 refugit
390 1910 607 1944 examen
647 1895 703 1944 et
741 1909 802 1943 eo
843 1890 1174 1960 splendidius
1228 1890 1498 1952 elucescit,
1553 1909 1658 1959 quo
1711 1890 1904 1958 majori
1956 1892 2195 1944 auctori-

145 1965 275 2018 tatis
333 1965 571 2033 pondere
628 1965 794 2017 libere
851 1965 1018 2016 fuerit
1079 1964 1416 2027 confirmata,
1475 1965 1541 2016 ab
1601 1965 1709 2016 illis
1768 1964 2003 2027 scilicet,
2062 1984 2196 2033 quos

148 2039 393 2092 Christus
432 2039 490 2092 in
529 2038 923 2109 Apostolorum
964 2058 1194 2109 persona
1232 2038 1543 2108 magistrOS,
1597 2039 1846 2092 doctores
1897 2043 1951 2091 et
1984 2039 2194 2108 judices

149 2113 455 2168 constituit.

939 2278 1215 2356 Synodus
1262 2278 1374 2336 vn.

296 2411 362 2463 In
402 2410 609 2478 synodo
650 2409 772 2462 VII.
814 2409 1109 2478 imaginum
1169 2427 1327 2461 causa
1387 2411 1732 2477 congregata,
1786 2408 1904 2460 duae
1950 2408 2192 2476 epistolae

150 2485 325 2538 sancti
364 2483 646 2536 Pontificis
685 2483 967 2546 Hadriani,
1012 2484 1184 2535 altera
1221 2483 1287 2534 ad
1326 2482 1731 2550 Imperatorem,
1773 2482 1944 2533 altera
1983 2482 2049 2534 ad
2090 2483 2193 2534 Ta-

149 2559 352 2612 rasium
391 2558 762 2610 Patriarcham
814 2557 1380 2625 Constantinopoleos,
1434 2574 1582 2607 more
1631 2557 1911 2625 majorum,
1971 2556 2193 2608 nonnisi

150 2633 399 2702 synodali
459 2632 703 2684 examine
760 2635 979 2700 peracto
1020 2636 1282 2699 susceptae
1322 2634 1376 2683 et
1422 2630 1731 2698 adprobata}
1789 2635 1932 2682 sunt.
2013 2630 2191 2683 Lectis

151 2707 295 2760 enim
333 2706 579 2776 epistolis
617 2707 673 2758 in
713 2706 940 2774 synodO,
982 2705 1266 2774 quaesitum
1308 2709 1392 2757 est
1429 2704 1507 2756 ita
1546 2722 1641 2772 per
1691 2703 1923 2773 Legatos
1951 2702 2190 2773 Aposto-

152 2782 269 2834 licae
309 2781 476 2834 sedis:
522 2781 714 2834 «Dicat
753 2780 910 2833 nobis
968 2779 1336 2832 sanctissimus
1376 2777 1694 2830 Patriarclia
1732 2778 1983 2829 Tarasius
2027 2778 2190 2846 regiae

152 2856 406 2918 civitatis,
467 2855 512 2907 si
567 2855 873 2908 consentiat
931 2854 1106 2907 literis
1165 2852 1492 2906 sanctissimi
1531 2851 1690 2920 Papae
1738 2851 1967 2903 senioris
2007 2851 2190 2903 Romae

151 2930 433 2994 Hadriani,
472 2948 541 2982 an
581 2948 746 2982 11011.»

301 3003 547 3074 Rogatus
586 3004 645 3055 in
684 3023 800 3056 eam
839 3004 1068 3055 formam
1108 3001 1378 3063 Tarasius,
1419 2999 1636 3051 laudata
1675 2998 1777 3050 fide
1805 2998 2189 3060 Romanorum,

155 3096 210 3130 se
248 3077 553 3131 consentire
590 3078 899 3147 profitetur.
979 3075 1083 3128 Sed
1122 3078 1252 3127 cur?
1294 3074 1419 3143 quia
1463 3072 1803 3124 «Hadrianus
1842 3070 2062 3139 scripsit
2090 3113 2101 3124 .
2131 3112 2143 3123 .
2175 3113 2186 3124 .

156 3170 402 3219 expresse
439 3170 502 3204 ac
539 3152 819 3216 veraciter,
871 3152 1148 3203 affirmans
1187 3150 1320 3200 bene
1358 3167 1419 3199 ac
1459 3146 1658 3214 optime
1710 3163 1764 3196 se
1810 3145 2006 3196 habere
2043 3146 2189 3198 anti-

156 3244 316 3293 quam
353 3225 702 3278 traditionem
730 3225 981 3278 Ecclesiae
1009 3223 1302 3276 catholicae.
1362 3220 1516 3280 Nam,
1544 3218 1890 3287 prosequitur
1918 3218 2188 3283 TarasiUS,

158 3302 212 3351 et
270 3298 376 3367 ipsi
431 3317 532 3350 nos
590 3300 881 3352 scrutando
940 3297 1248 3365 Scripturas
1307 3300 1361 3348 et
1426 3292 1761 3362 syllogistice
1818 3293 2187 3361 approband0‚

158 3372 343 3425 rimati
381 3391 562 3425 sumus
599 3376 654 3425 et
691 3374 884 3441 patriis
923 3370 1186 3424 doctrinis
1213 3368 1416 3422 edocti:
1458 3367 1535 3419 sic
1561 3367 1705 3435 quod
1731 3367 1962 3419 confessi
1988 3386 2187 3430 811111118,

159 3447 478 3501 confitemur
518 3449 572 3499 et
611 3447 1002 3509 confitebimur,
1064 3460 1420 3496 consonamus
1471 3444 1525 3493 et
1565 3441 1968 3505 confirmamus,
2027 3449 2189 3508 atque

158 3539 529 3592 permanemus
567 3520 625 3572 in
663 3521 1060 3591 significatione
1084 3517 1383 3580 literarum,
1420 3532 1537 3584 quae
1561 3514 1715 3570 lectae
1750 3518 1929 3568 sunt.»
1993 3513 2186 3582 (Mansi

159 3601 291 3654 tom.
332 3595 452 3647 XII.
492 3613 613 3664 pag.
662 3594 838 3664 1084.)

308 3669 466 3726 Patet
521 3686 650 3743 ergo
689 3687 720 3723 a
758 3667 978 3725 Tarasio
1035 3665 1154 3721 ideo
1211 3663 1538 3736 approbatas
1594 3661 1859 3718 Hadriani
1917 3660 2189 3733 epistolaS,
