2722 4146
480 260 552 311 54

479 409 661 461 autem
699 405 914 459 decreta
969 403 1048 457 ita
1102 399 1426 471 intelligere,
1485 401 1548 454 ut
1586 399 1871 454 definitum
1926 400 2000 455 sit
2054 401 2115 454 in
2165 400 2327 455 unius
2365 401 2523 456 Rom.

480 480 764 536 Pontificis
803 477 1079 549 personali
1118 478 1173 528 et
1211 494 1243 527 a
1280 477 1401 528 tota
1427 474 1668 528 Ecclesia
1692 476 2087 546 independente
2119 475 2328 546 judicio
2354 477 2524 530 collo-

481 560 656 610 catam
694 554 860 607 fuisse
899 573 930 606 a
969 551 1187 606 Christo
1227 553 1401 603 totam
1442 549 1662 603 omnino
1720 551 2115 620 plenitudinem
2155 550 2524 604 ecclesiasticae

481 629 799 702 potestat-iS,
870 627 1123 680 ultimum
1187 623 1590 695 magisterium,
1659 624 2112 678 irreformabilem
2181 625 2523 689 sententiam,

481 705 728 776 regulam
784 701 927 764 fidei,
986 704 1068 753 est
1125 699 1528 768 interpretatio,
1588 717 1706 768 quae
1761 719 1876 753 non
1934 703 2017 754 est
2072 699 2386 764 necessaria,
2445 704 2527 753 est

483 798 686 842 sensuS,
729 794 886 846 quem
906 775 1002 827 illa
1041 775 1254 827 decreta
1273 792 1386 826 non
1407 792 1520 843 prae
1549 792 1604 826 se
1632 773 1844 828 ferunt:
1886 778 1941 827 et
1967 778 2210 843 spectata
2234 774 2528 827 universali

482 853 779 908 traditione
818 854 872 903 et
911 849 1162 903 doctrina
1199 848 1451 902 Ecclesiae
1490 867 1603 901 non
1641 853 1870 918 possunt
1906 849 2160 918 accipere.

630 925 811 979 Verba
868 943 997 978 vero
1057 924 1151 976 illa
1191 922 1242 977 S.
1285 921 1482 976 Leonis
1541 941 1605 975 ex
1663 941 1826 992 supra
1885 924 2055 977 citato
2117 943 2268 979 serm.
2310 923 2411 977 III.
2469 924 2529 975 in

481 999 854 1056 anniversario
895 998 1282 1068 assumptionis
1324 1014 1462 1051 suae:
1508 998 1743 1050 «Tamen
1783 1001 1845 1051 tu
1872 1017 2085 1068 quoque
2111 1003 2266 1068 petra
2293 1018 2363 1063 eS,
2406 998 2531 1068 quia

483 1094 599 1129 mea
639 1075 844 1128 virtute
885 1074 1151 1137 solidariS,
1193 1077 1257 1126 ut
1296 1090 1413 1143 quae
1451 1071 1586 1124 mihi
1624 1075 1898 1141 potestate
1937 1077 2065 1126 sunt
2102 1074 2343 1143 propria,
2392 1074 2532 1126 sicut

482 1151 587 1204 tibi
626 1167 832 1202 mecum
889 1148 1310 1218 participatione
1369 1147 1687 1199 communia.
1785 1147 1858 1200 Et
1915 1166 2076 1216 super
2133 1148 2273 1201 hanc
2322 1152 2532 1217 petram

485 1225 757 1278 aedificabo
779 1223 1074 1276 Ecclesiam
1094 1241 1266 1274 meam
1287 1226 1386 1275 etc.
1410 1221 1768 1292 intelligenda
1804 1226 1932 1275 sunt
1958 1222 2248 1275 secundum
2275 1222 2533 1275 famosam

483 1300 733 1371 regulam
773 1297 825 1351 S.
867 1296 1186 1368 Augustini,
1240 1300 1295 1350 et
1346 1296 1705 1349 universalem
1752 1296 2260 1366 interpretationem
2311 1296 2534 1349 Patrum

486 1379 540 1428 et
579 1375 866 1427 doctorum
921 1391 1110 1443 graecae
1169 1376 1222 1425 et
1279 1371 1463 1424 latinae
1503 1370 1773 1434 Ecclesiae,
1833 1375 1895 1424 ut
1955 1371 2161 1425 scilicet
2219 1371 2431 1424 etiamsi
2469 1370 2534 1422 ad

486 1469 654 1503 unum
673 1447 897 1501 Petrum
922 1447 1115 1500 referri
1141 1447 1446 1510 videantur,
1489 1465 1601 1499 non
1626 1445 1859 1498 habeant
1885 1446 2152 1499 illustrem
2178 1446 2533 1508 int-ellectum,

487 1524 596 1578 nisi
637 1541 758 1576 cuni
796 1522 1108 1576 referuntur
1136 1521 1202 1573 ad
1226 1521 1535 1574 universam
1561 1519 1871 1583 Ecclesiam,
1914 1523 2064 1590 cujus
2091 1519 2284 1574 Petrus
2310 1523 2534 1589 propter

487 1598 850 1669 Apostolatus
892 1597 974 1650 sui
1026 1597 1322 1666 primatum
1372 1595 1573 1648 meruit
1622 1598 1844 1664 portare
1895 1595 2130 1666 figurata
2180 1594 2536 1664 generalitate

490 1690 806 1744 personam:
847 1672 903 1724 id
943 1675 1024 1724 est
1064 1670 1420 1740 intelligenda
1460 1674 1588 1723 sunt
1629 1670 1693 1722 de
1731 1668 1914 1734 Petro,
1967 1674 2030 1722 ut
2069 1670 2243 1739 eapite
2282 1668 2535 1721 membris

490 1749 682 1802 unito:
742 1747 804 1799 de
845 1746 1027 1810 Petro,
1088 1749 1355 1816 quatenus
1406 1745 1464 1796 in
1523 1744 1641 1812 ipso
1700 1747 1762 1796 ut
1820 1744 1878 1795 in
1937 1763 2186 1813 supremo
2244 1743 2442 1796 vertice
2483 1746 2537 1795 et

491 1822 779 1892 coryphaeo
818 1825 999 1878 totum
1027 1820 1315 1890 collegium
1334 1819 1694 1888 apostolicum
1721 1819 1987 1871 insertum
2013 1822 2066 1871 et
2095 1818 2536 1887 comprehensum

491 1901 625 1952 erat.
705 1896 778 1949 Et
818 1896 936 1949 ideo
975 1895 1115 1947 nihil
1154 1913 1218 1947 ex
1266 1894 1362 1947 illo
1414 1894 1533 1946 loco
1576 1892 1628 1946 S.
1670 1892 1864 1946 Leonis
1915 1892 2030 1945 erui
2070 1896 2252 1961 potest
2305 1910 2402 1961 pro
2442 1892 2538 1943 illa

489 1971 767 2043 personali
806 1974 860 2024 et
899 1990 930 2022 a
967 1974 1088 2023 tota
1126 1969 1367 2022 Ecclesia
1406 1968 1799 2037 independente
1856 1967 2015 2019 unius
2057 1968 2210 2020 Rom.
2254 1966 2537 2019 Pontificis

491 2064 740 2117 suprema
779 2048 833 2098 et
874 2045 1159 2098 infallibili
1197 2044 1555 2097 auctoritate:
1598 2061 1716 2112 quae
1758 2042 2063 2095 observatio
2092 2043 2235 2094 valet
2274 2041 2339 2093 ad
2368 2040 2538 2109 expli-

493 2122 692 2175 candos
733 2138 917 2173 omnes
958 2123 1157 2182 textus,
1199 2118 1292 2188 qui
1333 2118 1400 2170 ad
1439 2118 1769 2186 probandam
1808 2117 2143 2186 personalem
2186 2120 2240 2169 et
2280 2116 2537 2184 indepen-

491 2198 707 2250 dentem
747 2195 898 2247 illam
936 2194 1090 2247 Rom.
1132 2192 1415 2246 Pontificis
1456 2192 1904 2244 infallibilitatem
1943 2191 2300 2243 adducuntur.

646 2269 897 2323 Gelasius
937 2268 1002 2322 R.
1043 2268 1102 2321 P.
1144 2287 1229 2321 an.
1273 2272 1396 2320 472.
1441 2266 1830 2320 Commonitor.
1872 2266 1939 2318 ad
1986 2265 2271 2319 Faustum:
2331 2262 2535 2316 «Nobis

494 2349 780 2416 opponunt
820 2362 1068 2408 canoneS,
1111 2343 1236 2395 dum
1276 2342 1541 2405 nesciunt,
1601 2341 1730 2411 quid
1769 2341 2083 2410 loquantur.
2163 2339 2367 2393 Contra
2406 2357 2540 2408 quos

494 2422 598 2473 hoc
637 2421 755 2488 ipso
796 2419 980 2471 venire
1020 2437 1074 2471 se
1096 2418 1353 2486 produnt,
1396 2416 1538 2485 quod
1566 2418 1779 2483 primae
1818 2415 1933 2468 sedi
1971 2433 2106 2469 sana
2143 2419 2382 2481 rectaque
2420 2430 2542 2466 sua-

497 2496 658 2558 denti,
720 2511 905 2562 parere
944 2492 1219 2563 fugiunt.»
1312 2490 1508 2543 Postea
1561 2490 1806 2559 loquitur
1857 2490 1920 2542 de
1977 2489 2298 2559 appellando
2353 2506 2384 2540 a
2424 2487 2542 2540 sede

498 2569 759 2622 Romana.

649 2640 916 2694 Observa:
957 2638 1277 2692 Pontificem
1316 2657 1427 2690 non
1469 2637 1528 2689 in
1568 2656 1674 2689 una
1714 2656 1809 2689 sua
1849 2637 2176 2690 auctoritate
2211 2636 2544 2689 constituere

501 2717 609 2770 vim
649 2714 927 2786 obligandi
967 2717 1022 2767 et
1060 2713 1300 2766 officium
1338 2712 1396 2764 in
1437 2711 1665 2764 subditis
1705 2711 2017 2764 obediendi:
2061 2712 2151 2763 sed
2191 2711 2248 2763 in
2287 2730 2382 2763 sua
2417 2728 2544 2763 auc-

501 2791 729 2846 toritate
772 2807 939 2843 «sana
977 2792 1220 2856 rectaque
1258 2787 1562 2840 suadente.»

649 2865 798 2918 Idem
839 2862 1084 2917 Gelasius
1123 2862 1352 2932 epistola
1391 2862 1458 2914 ad
1495 2860 1796 2930 Episcopos
1822 2858 2126 2922 Dardaniae,
2168 2858 2260 2928 qui
2286 2859 2545 2912 nolebant

501 2940 837 3012 acquiescere
877 2937 1216 2991 damnationi
1255 2935 1456 2999 Aeacii,
1498 2935 1624 3005 quia
1663 2934 1778 2987 sine
1818 2933 2045 2986 concilio
2087 2933 2343 2986 damnati.
2440 2932 2545 2985 Re-

504 3015 732 3086 spondet
770 3013 1026 3067 Pontifex
1066 3012 1233 3065 Rom:
1291 3010 1644 3063 «Percurrere
1682 3026 1778 3061 vos
1818 3011 2035 3077 oportet
2075 3008 2140 3060 ab
2191 3008 2322 3076 ipsis
2375 3007 2546 3060 beatis

503 3089 786 3160 Apostolis
826 3092 880 3142 et
920 3087 1258 3141 considerare
1296 3085 1607 3156 prudenter,
1650 3083 1901 3152 quoniam
1929 3082 2118 3134 Patres
2143 3082 2320 3135 nostri
2360 3081 2546 3135 catho-

504 3165 599 3217 lici
638 3163 888 3233 doctique
925 3161 1219 3215 Pontifices
1259 3160 1317 3213 in
1357 3176 1680 3228 unaquaque
1735 3157 1927 3209 haeresi
1965 3156 2227 3225 quidquid
2266 3175 2365 3225 pro
2404 3156 2546 3208 veri-

507 3242 650 3302 tate,
721 3256 822 3307 pro
894 3236 1272 3290 communione
1331 3233 1598 3288 catholica
1667 3235 1829 3300 atque
1886 3230 2186 3300 apostolica
2255 3230 2542 3283 secundum

509 3312 902 3381 scripturarum
947 3311 1222 3364 tramitem
1283 3307 1829 3380 praedicationemque
1879 3306 2142 3374 majorum
2194 3305 2344 3371 facta
2392 3304 2548 3357 semel

510 3387 906 3454 conyreyatione
962 3387 1288 3450 sanxerunt,
1360 3382 1736 3436 inconvulsum
1795 3380 2087 3432 voluerunt
2145 3379 2394 3448 deinceps
2453 3378 2548 3431 fir-

509 3478 762 3530 mumque
819 3462 1096 3522 constare,
1154 3477 1253 3512 nec
1309 3458 1369 3512 in
1426 3456 1608 3510 eadem
1667 3473 1822 3508 causa
1879 3454 2081 3518 denuo,
2152 3472 2269 3523 quae
2327 3453 2546 3522 praefixa

510 3537 743 3599 fuerant,
801 3533 1089 3586 retractari
1147 3533 1387 3602 qualibet
1430 3530 1646 3597 ,recenti
1695 3527 2119 3600 praesumptione
2168 3527 2547 3596 permiserunt,

512 3607 906 3680 sapientissime
943 3606 1321 3676 praevidentes,
1361 3606 1617 3676 quoniam
1655 3604 1702 3658 si
1739 3603 1951 3656 decreta
1977 3602 2265 3655 salubriter
2299 3601 2548 3669 cuiquam

511 3685 700 3740 liceret
736 3682 950 3747 iterare,
1001 3680 1214 3735 nullum
1263 3685 1453 3737 contra
1502 3679 1748 3753 singulos
1786 3693 2028 3749 quosque
2066 3693 2289 3748 prorsus
2337 3691 2546 3730 errores
