2722 4146
391 257 457 308 10

384 405 568 463 tatem,
617 418 776 469 super
827 399 968 452 hanc
1021 396 1361 451 solididatem
1412 398 1537 452 fidei
1576 398 1851 452 aedificabo
1905 398 2200 452 Ecclesiam
2236 417 2426 464 meam,

382 479 438 528 et
495 474 696 527 idcirco
755 478 926 543 portae
980 471 1160 535 inferi,
1220 471 1254 523 i.
1309 489 1351 523 6.
1412 471 1671 535 haeretici,
1732 491 1844 526 non
1904 473 2275 542 praevalebunt
2333 474 2427 527 ad-

385 568 573 602 versus
615 566 743 600 eam.
757 569 781 595 »

529 621 700 675 Jonas
738 621 1144 674 Aurelianensis
1195 619 1446 689 Episcop
1500 620 1594 672 lib
1648 619 1747 673 III.
1790 621 1854 672 de
1895 622 2042 674 cultu
2095 621 2426 690 imaginum.

388 696 581 749 «Multi
619 714 849 764 namque
900 698 954 748 et
1007 713 1158 763 paene
1211 713 1392 747 omnes
1442 698 1652 763 petram
1705 713 1865 763 super
1919 714 2079 764 quam
2131 695 2427 748 aedificatur

383 771 639 831 Ecclesia,
701 770 858 822 fidem
908 769 1225 839 intelligunt
1265 769 1313 821 b.
1356 769 1522 832 Petri,
1583 787 1701 838 quae
1760 769 2057 822 communis
2115 774 2197 823 est
2254 769 2427 823 totius

383 850 582 897 sanctae
634 843 903 907 Ecclesiae,
957 843 1204 896 videlicet
1254 862 1385 906 eam,
1446 862 1564 912 quae
1613 844 1771 912 paulo
1831 848 1956 896 ante
2015 844 2427 912 promissionem

382 919 520 971 hanc
558 922 920 986 praecesserat,
974 918 1007 970 i.
1046 936 1087 969 e.
1145 918 1226 970 Tu
1279 935 1332 970 es
1375 917 1624 970 Christus
1664 917 1846 970 Filius
1889 917 1994 970 Dei
2031 919 2154 982 vivi,
2209 922 2263 971 et
2301 917 2428 970 huic

382 998 548 1061 petrae
587 992 1118 1062 superaedificandam
1173 992 1468 1044 Ecclesiam
1514 1011 1665 1044 suam
1718 991 2013 1044 Dominum
2061 992 2422 1062 promisisse.»

533 1067 880 1132 ForojuZense
923 1067 1232 1130 Concil‘iun‘e,
1278 1067 1421 1135 quod
1460 1065 1823 1135 Aquilejensis
1863 1066 2165 1136 Episcopus
2205 1066 2424 1119 habuit:

385 1140 589 1210 «Super
628 1141 779 1193 illam
817 1145 1043 1210 petram,
1105 1160 1265 1209 quam
1306 1140 1499 1193 Petrus
1560 1142 1838 1194 confessus
1892 1144 1990 1205 est,
2044 1145 2098 1193 et
2137 1141 2284 1193 illius
2327 1141 2427 1193 fide

381 1216 590 1286 regitur
629 1219 682 1268 et
721 1216 1055 1285 gubernatur
1097 1215 1388 1267 Ecclesia.»

533 1288 873 1343 Christianus
930 1289 1263 1342 Drntmarns
1319 1289 1375 1340 in
1437 1289 1632 1343 Matth.
1690 1309 1802 1358 cap.
1862 1293 1957 1341 35:
2023 1288 2229 1358 «Super
2287 1289 2427 1341 hanc

381 1365 698 1417 firmitatem
738 1364 880 1426 fidei,
922 1383 1081 1432 quam
1125 1365 1400 1416 confessus
1441 1383 1512 1428 es,
1554 1364 1829 1416 aedificabo
1870 1363 2163 1416 Ecclesiam
2202 1382 2422 1415 meam.»

530 1439 858 1491 Hincmarus
915 1438 1190 1490 Remensis
1251 1437 1502 1507 Archiep.
1559 1438 1818 1507 opusculo
1877 1443 1961 1490 33.
2016 1441 2206 1490 contra
2257 1436 2426 1489 Hinc-

382 1532 587 1564 marum
627 1512 1037 1565 Laudunensem
1079 1531 1190 1581 cap.
1234 1511 1411 1564 XIV.:
1459 1511 1663 1581 «Super
1703 1513 1842 1564 hanc
1881 1515 2091 1580 petram
2130 1511 2163 1563 i.
2195 1529 2237 1563 e.
2268 1529 2425 1580 super

380 1587 519 1639 hanc
559 1588 768 1639 firmam
808 1591 861 1640 et
901 1587 1125 1639 solidam
1166 1587 1288 1638 fidei
1316 1587 1726 1651 confessionem,
1769 1605 1930 1655 quam
1957 1590 2019 1638 tu
2048 1604 2101 1639 es
2131 1587 2423 1648 confessuS,

380 1661 653 1714 aedificabo
695 1660 989 1714 Ecclesiam
1026 1679 1247 1713 meam.»
1593 1715 1597 1718 Α

527 1736 787 1789 Nicolans
826 1735 871 1787 I.
915 1736 1070 1804 epist.
1123 1742 1200 1787 ll.
1244 1735 1309 1787 ad
1349 1734 1667 1788 Michaelem
1706 1736 2121 1819 Imperatorem:
2183 1733 2425 1786 «Princi-

382 1814 566 1879 patum
609 1811 791 1879 itaque
831 1810 1027 1862 divinae
1068 1810 1373 1879 potestatiS,
1429 1829 1585 1880 quem
1640 1811 1882 1863 omnium
1937 1810 2186 1862 conditor
2241 1807 2423 1860 electis

379 1883 659 1953 Apostolis
719 1885 829 1937 suis
890 1885 1122 1954 largitus
1181 1888 1277 1946 est,
1341 1903 1499 1970 super
1556 1885 1784 1938 solidam
1837 1884 1996 1936 fidem
2035 1883 2425 1953 Apostolorum

379 1958 648 2027 Principis
678 1959 964 2011 solidatam
993 1960 1346 2022 constitue-m,
1389 1961 1502 2028 ejus
1530 1960 1818 2030 egregiam,
1862 1959 1968 2011 imo
1995 1959 2224 2027 primam
2251 1956 2424 2009 sedem

380 2033 710 2086 deliberavit.
807 2032 947 2085 Nam
1005 2052 1133 2086 voce
1187 2033 1471 2086 Dominio-a
1529 2033 1632 2102 ipsi
1692 2034 1894 2086 dictum
1953 2033 2163 2085 fuerat:
2233 2032 2315 2083 12⁶
2372 2049 2425 2083 es

381 2108 578 2160 Petrus
618 2113 666 2159 et
704 2126 866 2174 super
903 2109 1036 2160 hanc
1067 2114 1278 2173 petrum
1318 2108 1605 2174 aedificabo
1647 2108 1942 2161 Ecclesiam
1984 2124 2163 2159 meam.
2231 2105 2424 2158 Petrus

379 2181 608 2250 denique
634 2201 664 2233 a
692 2182 950 2235 firmitate
977 2187 1159 2251 petrae,
1190 2201 1309 2251 quae
1337 2182 1586 2235 Christus
1614 2187 1710 2246 est,
1746 2186 2078 2235 structuram
2103 2179 2423 2232 universalis

379 2256 630 2308 Ecclesiae
669 2256 1046 2310 inconcussam
1086 2261 1139 2309 et
1179 2257 1303 2309 fidei
1343 2258 1536 2310 robore
1577 2257 1881 2319 solidatam,
1923 2257 2000 2310 ita
2039 2255 2286 2325 precibus
2314 2253 2423 2306 suis

379 2330 589 2382 munire
628 2349 739 2382 non
781 2336 966 2395 cessat,
1028 2335 1090 2384 ut
1141 2332 1442 2384 errantium
1500 2332 1772 2384 vesaniam
1831 2335 1992 2384 rectae
2051 2329 2173 2383 fidei
2231 2346 2423 2381 norma

377 2404 672 2456 reformare
711 2423 824 2457 non
865 2410 1086 2459 cesset.»

526 2478 761 2530 Jounnes
812 2478 969 2530 VIII.
1013 2498 1093 2547 ep.
1146 2484 1231 2531 76.
1272 2480 1338 2531 ad
1378 2479 1601 2532 Petrum
1642 2479 1932 2531 Comitem:
1998 2478 2203 2547 «Super
2261 2495 2423 2546 quam

380 2551 543 2603 etiam
614 2551 840 2603 solidam
898 2552 1250 2605 confessionis
1310 2557 1519 2620 petram
1590 2571 1741 2605 suam
1805 2552 2071 2605 Dominus
2130 2551 2422 2604 Ecclesiam

378 2625 682 2678 fabricavit.
697 2645 720 2672 »

527 2699 825 2764 Stephanus
882 2698 996 2751 PP.
1050 2699 1107 2754 V.
1164 2718 1243 2768 ep.
1289 2704 1368 2751 2.:
1431 2700 1736 2769 Stephanus
1794 2700 2096 2768 Episcopus
2156 2699 2422 2752 universis

379 2773 659 2842 Episcopis
718 2777 771 2826 et
829 2774 1047 2843 reliquis
1088 2774 1324 2826 clericis:
1389 2774 1700 2827 «Catholica
1753 2773 1956 2826 Christi
2013 2777 2066 2826 et
2106 2772 2206 2825 Dei
2246 2773 2423 2825 nostri

378 2847 617 2900 Ecclesia
656 2847 882 2900 fundata
920 2866 1076 2917 super
1131 2849 1337 2900 firmam
1390 2853 1617 2918 petram,
1672 2847 1929 2917 Apostoli
1983 2847 2233 2900 videlicet
2273 2846 2419 2899 Petri

380 2922 787 2985 confessionem,
828 2922 954 2975 licet
993 2922 1240 2991 plurimis
1290 2923 1703 2992 tempestatibus
1751 2927 1805 2975 et
1857 2921 2111 2974 fluctibus
2161 2921 2418 2991 agitetur,

380 2995 733 3048 nihilominus
774 2997 1130 3049 confirmatur
1170 3001 1224 3049 et
1264 3003 1548 3067 augetur.»

528 3069 832 3123 Theodorus
869 3070 1123 3124 Abacum
1163 3089 1242 3140 ep.
1301 3071 1633 3124 orthodoxa:
1698 3070 1804 3122 «Et
1862 3070 1974 3122 haec
2031 3069 2297 3122 confessio
2338 3074 2420 3122 est

380 3142 474 3194 illa
515 3143 780 3197 confessio
807 3144 973 3208 Petri,
1000 3145 1254 3198 adversus
1281 3164 1441 3214 quam
1469 3165 1578 3198 non
1604 3143 1975 3214 praevalebunt
2002 3148 2174 3212 portae
2201 3143 2416 3196 inferi.»

530 3217 896 3285 Troslejanum
939 3218 1231 3272 Concilium
1285 3238 1398 3272 can.
1453 3219 1570 3271 XV.
1625 3219 1690 3271 de
1730 3217 1972 3270 Ecclesia
2012 3218 2197 3270 docet:
2258 3217 2419 3280 «Quae

380 3308 500 3342 cum
538 3292 865 3360 generaliter
904 3294 968 3344 ab
1008 3294 1126 3362 ipso
1168 3294 1342 3363 capite
1370 3293 1587 3346 Christo
1628 3310 1787 3361 super
1827 3297 2053 3360 petram,
2094 3292 2129 3344 i.
2173 3310 2215 3344 e.
2257 3310 2418 3361 super

381 3364 769 3416 confessionem
808 3364 958 3418 Petri
997 3368 1069 3420 sit
1107 3369 1370 3421 aedificata
1408 3371 1542 3420 etc.»

455 3482 457 3487 .
526 3437 862 3492 Innocentius
899 3439 977 3492 ΙΙ.
1019 3459 1098 3509 ep.
1141 3442 1208 3494 ad
1247 3442 1545 3511 Episcopos
1586 3440 1914 3494 Senonensis
1956 3440 2184 3494 Concilii
2224 3444 2416 3493 contra

380 3530 590 3565 errores
628 3511 932 3565 Abaelardi:
991 3515 1280 3569 «Testante
1331 3515 1599 3585 Apostolo
1640 3515 1782 3568 sicut
1836 3534 1974 3568 unus
2014 3514 2299 3578 DominuS,
2338 3514 2415 3567 ita

381 3604 488 3638 una
508 3585 638 3639 fides
657 3604 771 3639 esse
791 3586 1148 3656 dignoscitur,
1187 3590 1246 3642 in
1267 3609 1372 3659 qua
1392 3594 1653 3659 tanquam
1673 3588 1731 3641 in
1754 3589 2018 3642 immobili
2044 3588 2412 3651 fundamento,

380 3663 576 3727 praeter
597 3660 738 3730 quod
778 3678 934 3715 nemo
961 3661 1107 3715 aliud
1134 3667 1316 3731 potest
1341 3681 1558 3734 ponere,
1599 3662 1829 3718 firmitas
1851 3662 2143 3718 Catholicae
2163 3661 2414 3717 Ecclesiae
