2722 4146
391 282 461 334 38

390 423 753 498 pretationem
789 418 982 474 famosi
1020 417 1168 471 illius
1206 418 1392 469 textus
1431 413 1485 468 S.
1512 413 1722 479 Irenaei,
1762 413 1889 467 inde
1913 413 2216 467 luculenter
2240 416 2429 483 patet:

391 501 518 572 quia
554 517 703 551 mens
743 494 795 550 S.
836 493 1028 547 Irenaei
1067 492 1179 544 haec
1217 493 1336 543 est:
1395 489 1490 541 illa
1537 492 1619 542 est
1665 506 1793 541 vera
1845 488 2122 551 doctrina,
2182 506 2301 557 quae
2341 487 2433 540 de-

395 573 605 629 scendit
643 573 709 625 ab
748 566 1054 638 Apostolis:
1097 568 1152 618 et
1190 564 1287 616 illa
1325 562 1575 616 doctrina
1614 562 1890 616 descendit
1927 563 1994 615 ab
2046 561 2333 631 apostolis,
2373 561 2429 614 in

392 669 497 720 qua
535 665 719 701 omnes
758 641 990 696 ecclesiae
1028 638 1343 708 apostolicae
1384 636 1765 690 consentiunt:
1807 636 1935 706 quia
1973 654 2086 688 non
2124 635 2435 704 potuissent

394 740 578 778 omnes
616 717 848 772 ecclesiae
885 713 1198 784 apostolicae
1238 713 1292 764 in
1335 730 1499 764 unam
1538 714 1594 764 et
1631 711 1855 763 eandem
1893 710 2199 763 doctrinam
2239 727 2434 763 conve-

394 798 538 858 nire,
591 793 697 846 nisi
751 793 973 860 propter
1020 806 1183 841 unam
1235 790 1289 840 et
1341 786 1563 838 eandem
1602 785 1668 837 ab
1707 783 1991 854 Apostolis
2030 783 2437 837 descendentem

394 869 758 925 traditionem.
799 864 1031 932 Ideoque
1050 862 1110 914 in
1124 864 1339 915 tantum
1356 879 1419 913 ex
1439 859 1690 913 doctrina
1702 858 1935 911 ecclesiae
1950 858 2206 911 Romanae
2222 861 2438 927 poterat

396 945 448 998 S.
489 944 727 997 Irenaeus
766 938 1013 1008 probare,
1054 954 1302 1006 quaenam
1342 938 1483 987 esset
1521 952 1646 986 vera
1685 933 1934 986 doctrina
1973 936 2029 986 et
2054 932 2280 986 traditio
2307 951 2437 1002 apo-

394 1019 602 1079 stolica,
658 1015 714 1066 in
773 1015 1036 1082 quantum
1073 1011 1140 1063 ad
1180 1010 1317 1062 hanc
1356 1008 1630 1062 ecclesiam
1669 1007 1967 1060 Romanam
2007 1025 2191 1059 omnes
2231 1007 2438 1060 conflu-

394 1096 495 1146 unt
533 1088 766 1143 ecclesiae
805 1090 858 1139 et
898 1086 957 1138 in
995 1086 1114 1155 ipsa
1151 1083 1505 1137 reassumitur
1531 1082 1757 1136 traditio
1801 1082 2043 1134 omnium
2075 1081 2435 1134 ecclesiarum.

541 1164 599 1217 Si
638 1162 781 1216 enim
818 1161 936 1213 ideo
978 1159 1030 1213 S.
1071 1159 1308 1212 Irenaeus
1348 1176 1411 1210 ex
1450 1157 1701 1210 doctrina
1741 1156 1975 1209 ecclesiae
2014 1156 2271 1209 Romanae
2310 1175 2439 1225 pro-

394 1243 586 1303 basset,
627 1254 870 1308 quaenam
913 1235 985 1288 sit
1024 1252 1150 1286 vera
1189 1237 1243 1286 et
1282 1232 1582 1301 apostolica
1618 1231 1864 1294 traditio,
1905 1230 2030 1300 quia
2069 1230 2302 1283 ecclesiae
2328 1230 2440 1283 Ro-

395 1333 565 1368 manae
606 1329 788 1366 omnes
828 1309 1024 1362 debent
1065 1326 1204 1361 coeco
1243 1307 1403 1359 modo
1446 1306 1677 1370 obedire,
1720 1309 1774 1358 et
1811 1306 1876 1358 ab
1917 1305 2034 1374 ipsa
2078 1308 2338 1374 tanquam
2375 1306 2441 1358 ab

396 1390 554 1442 unica
593 1391 647 1440 et
686 1403 936 1454 suprema
973 1383 1161 1454 regula
1201 1400 1385 1435 omnes
1426 1381 1660 1434 ecclesiae
1700 1380 2016 1449 apostolicae
2068 1379 2266 1432 debent
2301 1379 2441 1432 acci-

396 1482 520 1534 pere
558 1460 887 1515 doctrinam:
928 1458 1070 1510 unde
1109 1457 1190 1521 fit,
1231 1460 1294 1510 ut
1332 1456 1582 1509 doctrina
1620 1455 1854 1507 ecclesiae
1881 1454 2138 1507 Romanae
2165 1454 2444 1507 contineat

396 1537 698 1591 doctrinam
739 1534 980 1587 omnium
1018 1531 1392 1584 ecclesiarum:
1452 1533 1833 1601 argumentum
1884 1547 1997 1581 non
2036 1532 2339 1582 sumeretur
2381 1547 2443 1581 ex

398 1631 659 1666 consensu
698 1608 1038 1662 ecclesiarum
1077 1605 1525 1675 apostolicarum:
1576 1604 1720 1674 quod
1761 1607 1843 1657 est
1881 1622 2075 1672 scopus
2126 1601 2178 1655 S.
2220 1603 2442 1665 Irenaei3

398 1687 487 1740 sed
527 1705 591 1738 ex
630 1703 737 1737 una
775 1687 830 1737 et
868 1683 982 1735 sola
1019 1681 1346 1734 auctoritate
1384 1679 1619 1732 ecclesiae
1657 1678 1944 1740 Romanae;
1996 1681 2050 1731 et
2099 1681 2230 1731 tunc
2281 1696 2444 1746 argu-

398 1765 639 1814 mentum
695 1759 902 1811 nullam
957 1757 1119 1809 habet
1177 1755 1303 1819 vim,
1364 1758 1418 1807 et
1474 1754 1534 1806 in
1591 1752 1783 1823 primis
1841 1752 2178 1821 probandum
2233 1751 2443 1816 fuisset,

398 1835 669 1888 ecclesiam
707 1834 1022 1893 Romanam,
1065 1831 1235 1883 solam
1274 1829 1552 1882 ecclesiam
1601 1828 1901 1881 Romanam
1953 1844 2065 1879 esse
2103 1826 2445 1878 infallibilem

401 1909 676 1963 custodem
713 1906 1030 1961 traditionis
1070 1904 1401 1974 apostolicae,
1442 1902 1584 1973 quod
1627 1901 1679 1955 S.
1721 1902 1960 1955 Irenaeus
2000 1920 2111 1954 non
2150 1901 2294 1965 fecit,
2336 1904 2391 1954 et
2415 1919 2446 1952 a

402 2002 564 2053 scopo
604 1982 776 2036 totius
813 1980 1156 2035 tractationis
1194 1978 1508 2048 longissime
1547 1978 1750 2030 aberat.

546 2057 776 2126 Ideoque
835 2055 886 2109 S.
944 2055 1179 2107 Irenaeus
1237 2053 1528 2106 secundum
1586 2071 1624 2104 s,
1687 2051 1984 2119 scripturas
2039 2053 2093 2102 et
2151 2050 2445 2102 secundum
2507 2086 2510 2087 ν

401 2133 757 2187 universalem
793 2130 965 2184 totius
1003 2128 1348 2198 antiquitatis
1386 2127 1740 2181 traditionem
1777 2144 1890 2178 non
1929 2124 2220 2177 constituit
2258 2143 2446 2193 supre-

400 2227 546 2261 mum
583 2205 970 2276 magisterium,
1017 2203 1259 2274 regulam
1306 2202 1431 2255 fidei
1484 2201 1541 2253 in
1591 2200 1918 2254 auctoritate
1957 2198 2118 2251 unius
2172 2202 2226 2251 et
2277 2198 2445 2251 solius

400 2283 552 2336 Rom.
593 2280 893 2343 PontificiS,
935 2279 1028 2348 qui
1066 2297 1130 2330 ex
1170 2296 1224 2330 se
1264 2277 1398 2341 solo,
1438 2275 1864 2345 independenter
1902 2292 1933 2326 a
1971 2291 2289 2342 quacunque
2336 2273 2446 2325 sive

399 2358 762 2419 antecedente,
802 2354 913 2407 sive
953 2352 1264 2416 comitante,
1305 2352 1416 2404 sive
1442 2351 1799 2419 subsequente
1827 2347 2211 2417 cooperatione
2238 2351 2291 2400 et
2318 2365 2446 2400 con-

401 2450 559 2484 sensu
597 2429 770 2484 totius
809 2428 1061 2481 Ecclesiae
1102 2427 1270 2479 dictet
1307 2426 1553 2495 regulam
1592 2424 1733 2488 fidei,
1790 2442 1950 2492 quam
1990 2440 2174 2475 omnes
2213 2421 2448 2474 ecclesiae

404 2510 459 2559 et
499 2523 677 2558 omnes
729 2502 986 2572 Episcopi
1039 2502 1267 2554 debeant
1320 2518 1458 2552 coeco
1510 2499 1670 2551 modo
1711 2501 2008 2566 acceptare,
2060 2496 2353 2565 praedicare
2392 2499 2447 2549 et

404 2580 666 2648 profiteri,
727 2579 826 2631 sub
884 2594 1044 2646 poena
1100 2572 1673 2627 excommunicationis
1731 2571 1798 2624 ab
1836 2570 2076 2623 Ecclesia
2134 2574 2189 2623 et
2234 2574 2449 2623 aeternae

404 2653 795 2715 damnationis;
836 2651 927 2704 sed
967 2650 1023 2702 in
1065 2648 1309 2702 unanimi
1361 2646 1747 2716 praedicatione
1797 2645 2139 2697 ecclesiarum
2186 2644 2450 2712 apostoli-

408 2747 605 2789 carum,
645 2728 701 2779 in
740 2724 986 2779 unanimi
1025 2722 1379 2776 consensione
1418 2720 1814 2789 Episcoporum
1872 2718 2104 2770 collocat
2142 2736 2450 2786 supremum

405 2802 793 2872 magisterium,
853 2798 1095 2870 regulam
1153 2796 1304 2849 fidei:
1365 2795 1478 2847 haec
1533 2812 1662 2847 vero
1722 2792 1992 2845 unanimis
2042 2791 2356 2860 praedicatio
2397 2795 2451 2843 et

407 2877 686 2930 consensio
743 2874 954 2944 duplici
991 2871 1151 2925 modo
1192 2870 1486 2924 secundum
1525 2867 1576 2921 S.
1618 2867 1879 2920 Irenaeum
1934 2869 2118 2935 potest
2165 2865 2448 2936 cognosci:

407 2951 516 3003 sive
554 2951 795 3003 adeundo
836 2965 1018 3001 omnes
1059 2950 1113 2999 et
1152 2945 1393 3016 singulas
1435 2943 1698 3006 ecclesias,
1741 2941 1850 2994 sive
1889 2940 2132 2992 adeundo
2173 2939 2451 2991 ecclesiam

409 3024 720 3088 Romanam,
777 3023 834 3075 in
874 3040 980 3092 qua
1020 3020 1389 3083 continentur,
1447 3019 1854 3070 reassumuntur
1911 3017 1966 3067 et
2024 3017 2451 3067 concentrantur

410 3116 593 3150 omnes
631 3097 879 3162 ecclesiae,
939 3114 1058 3166 quae
1116 3094 1183 3147 ad
1238 3092 1516 3146 ecclesiam
1567 3091 1866 3144 Romanam
1915 3092 2141 3158 propter
2182 3087 2451 3157 potiorem

411 3171 867 3240 principalitatem
906 3169 1255 3233 conveniunt,
1294 3167 1362 3220 ad
1386 3167 1537 3219 illam
1561 3165 1816 3218 adferunt
1841 3162 2119 3233 propriam
2146 3162 2451 3215 doctrinam

412 3248 466 3297 et
504 3244 562 3296 in
600 3245 695 3296 illa
732 3244 1125 3313 exprimuntur.

558 3317 633 3370 Et
667 3318 755 3370 hic
793 3322 875 3370 est
911 3336 1068 3370 verus
1094 3321 1150 3371 et
1174 3316 1440 3388 genuinus
1460 3314 1650 3367 modus
1678 3310 2053 3366 considerandi
2078 3310 2452 3382 magisterium

413 3391 681 3454 Ecclesiae,
742 3408 858 3459 quae
915 3394 996 3443 est
1051 3411 1156 3444 una
1213 3395 1268 3445 et
1308 3389 1590 3443 catholica.
1669 3386 1908 3440 Ecclesia
1964 3385 2160 3438 docens
2217 3388 2450 3449 constat,

414 3465 703 3519 secundum
739 3463 1143 3517 institutionem
1183 3464 1389 3518 Christi
1428 3467 1483 3518 et
1519 3460 1878 3515 universalem
1903 3459 2077 3514 totius
2103 3458 2452 3529 antiquitatis

412 3538 780 3602 traditionem,
837 3555 902 3590 ex
937 3537 1099 3590 Petro
1158 3543 1212 3592 et
1250 3539 1405 3592 Rom.
1445 3537 1727 3600 Pontifice,
1786 3534 1879 3604 qui
1933 3537 2015 3588 est
2054 3537 2233 3603 caput,
2293 3537 2348 3586 et
2387 3550 2450 3585 ex

416 3612 698 3682 Apostolis
755 3615 810 3665 et
845 3610 1146 3680 Episcopis,
1203 3613 1296 3682 qui
1352 3616 1484 3666 sunt
1536 3609 1786 3681 magistri
1844 3612 1898 3661 et
1930 3607 2140 3677 judices
2179 3607 2318 3670 fidei,
2360 3605 2452 3659 sed

419 3686 583 3758 capiti
621 3684 991 3748 subordinat13
1045 3702 1267 3756 cumque
1317 3685 1558 3740 Ecclesia
1607 3685 1683 3740 sit
1718 3701 1829 3738 una
1864 3681 2227 3747 indivisibilis,
2278 3679 2452 3753 magi-
