2612 4062
452 222 561 274 224

601 366 746 420 Deus
784 367 932 419 solus
973 368 1055 420 est
1092 364 1421 420 infallibilis.
1486 364 1568 420 De
1605 365 1848 421 Ecclesia
1887 367 2224 422 solummodo
2263 386 2500 423 asserere

454 460 765 511 possumus,
808 459 923 492 eam
962 458 1074 493 11011
1114 459 1294 494 errare
1332 441 1390 493 in
1428 441 1693 495 doctrinis
1734 442 1859 495 fidei
1899 441 2171 507 docendis,
2213 461 2347 512 quas
2387 445 2500 514 ejus

454 515 728 569 custodia-e
756 514 1005 567 Christus
1046 515 1364 578 tradiderit3
1406 515 1534 585 quia
1571 520 1764 585 portae
1801 517 1965 569 inferi
2004 535 2117 568 non
2157 516 2269 570 sint
2309 523 2501 571 contra

453 609 568 642 eam
618 588 1031 658 praevaliturae.
1110 589 1483 643 Infallibilitas
1536 590 1764 659 proinde
1814 591 2064 644 absoluta
2103 594 2158 644 et
2197 592 2502 645 omnimoda

453 664 517 716 de
558 682 618 716 ea
646 662 944 732 praedicari
983 664 1201 732 nequit3
1243 669 1298 717 et
1337 664 1528 717 melius
1568 665 1754 718 forsan
1794 665 1860 718 ab
1901 666 2007 718 ista
2047 683 2176 718 voce
2200 666 2499 719 abstinere-

451 743 574 800 tur,
636 736 898 790 vocabulo
951 737 1252 791 inerrantia
1303 738 1361 790 in
1408 741 1521 808 ejus
1574 739 1754 791 locum
1803 739 2068 793 adhibito.
2154 738 2268 793 Ista
2320 744 2499 794 autem

451 810 722 864 Ecclesiae
767 811 1132 864 «inerrantia»
1176 832 1288 866 non
1328 813 1543 866 videtur
1583 831 1696 866 esse
1735 813 1861 883 quid
1903 814 2145 883 positivi,
2187 814 2236 866 ei
2275 815 2500 867 coelitus

451 886 708 949 infusum,
741 917 806 923 —-
837 886 983 955 quod
1022 886 1087 938 de
1125 906 1356 956 persona
1396 887 1608 952 morali,
1649 887 1822 956 qualis
1861 893 1943 941 est
1982 888 2238 952 Ecclesia,
2280 889 2499 953 dictum,

450 960 690 1030 intelligi
729 960 936 1029 nequit,
979 992 1047 999 —
1090 962 1334 1030 quamvis
1375 961 1613 1031 Spiritus
1653 962 1841 1015 Sancti
1880 963 2059 1033 gratia
2098 981 2308 1031 semper
2347 963 2499 1032 adju-

449 1039 623 1098 vetur,
665 1038 728 1087 ut
755 1034 1011 1088 veritates
1045 1054 1178 1104 quas
1201 1035 1450 1089 Christus
1490 1055 1605 1089 eam
1631 1036 1923 1100 edocuerit,
1966 1037 2198 1090 fideliter
2227 1037 2499 1090 custodiat

449 1113 504 1162 et
542 1113 832 1178 proponat.
910 1108 995 1162 Ad
1035 1110 1089 1162 id
1130 1111 1514 1179 praestandum
1553 1111 1715 1163 habet
1753 1111 1987 1163 medium
2024 1115 2238 1180 aptum,
2279 1111 2500 1164 minime

447 1188 629 1236 autem
682 1183 1060 1237 miraculosum
1083 1226 1094 1248 ,
1146 1186 1203 1238 in
1257 1185 1555 1238 traditione
1605 1185 1948 1238 ecelesiarum
1987 1186 2397 1255 particularium
2436 1203 2500 1238 ex

449 1257 646 1327 quibus
702 1262 935 1311 constat.
1027 1259 1295 1312 Ecclesiae
1357 1259 1528 1330 igitur
1586 1259 1910 1318 inerrantia‚
1971 1278 2062 1312 seu
2114 1259 2498 1324 infallibilitaS,

447 1351 560 1385 non
607 1336 691 1386 est
737 1333 999 1385 charisma
1040 1334 1264 1387 coelitus
1305 1333 1569 1398 infusum,
1622 1338 1685 1387 ut
1724 1335 1842 1387 vult
1880 1333 2498 1396 WestmonasteriensiS,

450 1425 556 1476 quo
610 1407 867 1460 veritates
922 1408 1188 1461 divinitus
1240 1409 1504 1462 revelatas
1553 1415 1697 1462 certe
1736 1412 2053 1478 assequatur
2094 1412 2147 1462 et
2188 1413 2497 1479 cognoscat.

448 1480 602 1533 Nihil
640 1481 787 1534 aliud
826 1485 907 1534 est
947 1482 1005 1535 in
1045 1501 1162 1535 mea
1200 1483 1490 1547 sententia,
1532 1503 1693 1552 quam
1721 1483 1947 1536 traditio
1988 1483 2260 1536 Ecclesiae
2299 1482 2498 1535 divini-

449 1560 538 1609 tus
591 1556 848 1609 fundatae
901 1560 953 1610 et
1007 1557 1191 1609 divina
1230 1556 1561 1611 Assistentia
1610 1558 1935 1621 custoditae,
1986 1576 2055 1610 ne
2107 1576 2316 1610 errores
2357 1557 2498 1609 veri-

450 1630 654 1683 tatibus
695 1631 971 1693 revelatiS,
1026 1649 1317 1701 eorumque
1357 1632 1706 1686 consectariis
1746 1632 2069 1684 immediatis
2109 1637 2163 1684 et
2202 1631 2499 1684 necessario

451 1723 597 1757 nexu
652 1723 715 1757 ex
766 1705 833 1757 iis
874 1705 1105 1770 eductis,
1167 1707 1626 1769 contradicenteS,
1678 1707 1902 1769 toleret,
1950 1710 2046 1759 aut
2094 1706 2314 1775 aliquod
2354 1706 2497 1775 quod

452 1797 566 1832 non
607 1779 680 1832 sit
720 1798 920 1842 verum,
962 1799 1211 1849 suprema
1250 1800 1345 1833 sua
1385 1781 1740 1843 auctoritate,
1785 1781 2029 1833 fidelibus
2069 1784 2361 1849 proponat.

598 1853 661 1905 Id
699 1854 834 1906 mihi
872 1873 1045 1923 nuper
1085 1854 1289 1907 dicenti
1328 1855 1525 1924 objecit
1565 1855 1648 1907 vir
1679 1855 2003 1918 Catholicus,
2051 1855 2497 1907 infallibilitatem

451 1945 568 1980 non
610 1946 721 1980 esse
761 1928 1144 1981 miraculosum
1184 1930 1274 1982 sed
1315 1930 1728 1998 supernaturale
1768 1929 1994 1992 donum,
2035 1930 2270 1999 gratiam
2309 1946 2497 1996 nempe

449 2002 661 2054 muneri
713 2002 1004 2055 Pontificio
1059 2022 1353 2067 annexam,
1407 2023 1512 2073 qua
1570 2004 1867 2067 mediante,
1923 2004 2123 2072 absque
2172 2003 2496 2056 miraculoso

448 2076 631 2145 aliquo
673 2076 773 2129 Dei
813 2077 1142 2141 interventu,
1184 2097 1368 2130 verum
1408 2098 1440 2130 a
1477 2079 1633 2142 falso,
1675 2079 1965 2131 revelatam
2004 2098 2035 2130 a
2073 2078 2307 2131 veritate
2335 2081 2494 2130 natu-

448 2151 568 2212 rali,
609 2151 909 2204 discernere
951 2151 1139 2220 possit.

599 2225 733 2279 Cum
769 2225 1048 2279 Romanus
1089 2226 1371 2291 Pontifex,
1414 2231 1670 2297 tanquam
1713 2227 2041 2297 EpiscopUS,
2091 2227 2296 2279 nullam
2336 2226 2495 2278 aliam

450 2297 670 2354 Ordinis
729 2302 964 2371 gratiam
1014 2301 1210 2354 habeat
1269 2321 1431 2370 quam
1489 2302 1818 2367 confratreS,
1880 2302 2116 2371 ejusdem
2174 2300 2495 2370 episcopalis

448 2375 685 2428 muneris
734 2379 1040 2440 consorteS,
1093 2375 1275 2445 gratia
1322 2376 1417 2428 illa
1455 2377 1562 2428 alia
1600 2395 1712 2429 esse
1750 2376 1942 2446 nequit
1979 2394 2140 2445 quam
2178 2374 2493 2444 personalis

448 2448 563 2502 Ista
601 2453 781 2503 autem
819 2449 999 2519 gratia
1039 2468 1149 2502 non
1190 2454 1368 2503 servat
1408 2451 1474 2502 ab
1515 2469 1696 2503 errore
1736 2469 1825 2504 eos
1865 2450 2060 2519 quibus
2101 2450 2263 2504 etiam
2302 2449 2497 2518 largis-

449 2524 579 2576 sime
620 2523 962 2587 concedatur,
1005 2529 1067 2576 ut
1107 2527 1324 2576 constat
1364 2542 1428 2576 ex
1469 2525 1688 2588 sanctis,
1731 2525 1825 2594 qui
1863 2525 1919 2576 in
1959 2523 2160 2595 Magno
2202 2523 2499 2576 Schismate

449 2617 514 2650 ex
553 2602 783 2667 utraque
825 2602 979 2667 parte
1007 2598 1244 2661 stabant,
1287 2598 1531 2666 quamvis
1558 2598 1858 2651 virtutibus
1882 2599 2199 2661 eminerent,
2240 2602 2294 2650 et
2321 2597 2498 2667 gloria

448 2672 835 2725 miraculorum
894 2672 1054 2724 etiam
1120 2672 1413 2740 fulgerent.
1500 2671 1559 2724 Si
1617 2671 1832 2740 Papalis
1889 2672 2260 2724 Infallibilitas
2318 2671 2499 2741 gratia

449 2746 748 2816 personalis
789 2746 878 2809 sit,
922 2764 1014 2798 seu
1056 2745 1336 2809 charisma,
1379 2749 1440 2798 ut
1479 2765 1591 2798 eam
1634 2745 1848 2798 vocavit
1874 2745 2494 2807 WestmonasteriensiS,

450 2821 830 2874 miraculosum
871 2820 972 2872 Dei
1011 2820 1381 2872 interventum
1422 2820 1610 2890 exigit,
1653 2824 1713 2872 ut
1735 2819 2006 2883 Pontifex,
2047 2819 2261 2888 quando
2302 2819 2365 2870 de
2397 2818 2498 2870 fide

450 2895 795 2965 moribusque
834 2895 1040 2964 aliquid
1080 2894 1304 2947 definire
1335 2894 1600 2959 intendat,
1641 2895 1708 2947 ab
1747 2912 1928 2946 errore
1956 2894 2209 2946 immunis
2236 2895 2497 2946 servetur.

597 2968 835 3022 Aliunde
885 2968 1099 3022 ostendi
1145 2972 1331 3038 potest
1375 2987 1577 3021 novum
1621 2969 1723 3022 hoc
1762 2972 2119 3021 commentum
2161 2966 2500 3020 charismatis

450 3043 600 3114 rejici
639 3044 846 3109 debere,
886 3061 953 3096 ex
991 3043 1223 3112 sequelis
1263 3062 1394 3112 quas
1423 3044 1662 3112 praebet.
1722 3042 1909 3095 Posito
1952 3042 2095 3111 quod
2136 3040 2500 3094 infallibilitas

452 3118 528 3170 sit
581 3118 872 3183 charisma,
923 3117 983 3170 in
1023 3135 1130 3187 quo
1170 3116 1356 3169 differt
1395 3137 1426 3170 a
1467 3116 1678 3187 Spiritu
1717 3116 1932 3185 privato
1955 3157 1967 3180 ,
2010 3134 2115 3186 quo
2155 3115 2407 3169 nonnulli
2447 3132 2502 3167 se

452 3191 572 3243 duci
623 3192 966 3257 existimant,
1016 3197 1070 3245 et
1109 3209 1267 3261 quem
1307 3190 1424 3244 ideo
1463 3190 1702 3261 praecise
1740 3190 2001 3260 rejiciunt
2034 3190 2303 3260 theologi,
2358 3187 2501 3258 quod

452 3265 662 3316 nullum
715 3265 873 3319 detur
925 3265 1186 3330 medium,
1248 3283 1510 3335 personae
1561 3283 1696 3336 quae
1749 3268 1909 3334 putet
1958 3283 2012 3317 se
2058 3264 2259 3334 spiritu
2299 3262 2499 3316 Divino

454 3338 592 3401 duci,
635 3342 937 3404 externum,
979 3371 1047 3378 -
1089 3358 1196 3410 quo
1239 3341 1500 3409 probetur
1540 3338 1782 3410 spirituS,
1823 3339 2087 3408 siquidem
2123 3337 2354 3391 Divinus
2393 3337 2501 3390 sit?

452 3410 548 3466 Nil
587 3411 651 3464 de
691 3413 1094 3467 conditionibus
1131 3432 1232 3483 pro
1271 3413 1531 3468 exercitio
1572 3412 1892 3466 Pontificiae
1932 3409 2351 3466 Infallibilitatis
2391 3414 2502 3464 sta-

453 3484 672 3540 tuendis
711 3486 830 3539 vult
867 3488 1052 3540 audire
1090 3486 1709 3542 westmonasteriensis.
1769 3486 2012 3541 Asserit:
2053 3485 2193 3539 Eum
2232 3485 2327 3555 qui
2354 3483 2503 3538 dedit

454 3559 722 3614 charisma
761 3559 1015 3613 daturum
1053 3580 1167 3615 esse
1206 3562 1381 3615 media
1418 3563 1484 3614 ad
1521 3562 1578 3616 id
1617 3560 1792 3614 debite
1831 3559 2208 3623 exercendum3
2247 3562 2345 3613 aut
2383 3557 2501 3615 effi-

454 3635 561 3694 ciet
597 3636 664 3691 ut
702 3633 810 3690 ista
845 3634 1022 3689 media
1058 3635 1432 3692 adhibeantur.
