<?xml version="1.0" encoding="UTF-8"?>
<!DOCTYPE html PUBLIC "-//W3C//DTD XHTML 1.0 Transitional//EN"
    "http://www.w3.org/TR/xhtml1/DTD/xhtml1-transitional.dtd">
<html xmlns="http://www.w3.org/1999/xhtml" xml:lang="en" lang="en">
 <head>
  <title>
</title>
<meta http-equiv="Content-Type" content="text/html;charset=utf-8" />
  <meta name='ocr-system' content='tesseract 3.04.00' />
  <meta name='ocr-capabilities' content='ocr_page ocr_carea ocr_par ocr_line ocrx_word'/>
</head>
<body>
  <div class='ocr_page' id='page_1' title='image "./a582484600frieuoft_0289.png"; bbox 0 0 2612 4062; ppageno 0'>
   <div class='ocr_carea' id='block_1_1' title="bbox 2080 176 2187 226">
    <p class='ocr_par' dir='ltr' id='par_1_1' title="bbox 2080 176 2187 226">
     <span class='ocr_line' id='line_1_1' title="bbox 2080 176 2187 226; baseline 0 0"><span class='ocrx_word' id='word_1_1' title='bbox 2080 176 2187 226; x_wconf 76' lang='lat'>277</span> 
     </span>
    </p>
   </div>
   <div class='ocr_carea' id='block_1_2' title="bbox 1089 1038 1234 1128">
    <p class='ocr_par' dir='ltr' id='par_1_2' title="bbox 1089 1038 1234 1128">
     <span class='ocr_line' id='line_1_2' title="bbox 1089 1038 1234 1128; baseline 0.048 -9"><span class='ocrx_word' id='word_1_2' title='bbox 1089 1038 1234 1128; x_wconf 87' lang='lat' dir='ltr'>VI.</span> 
     </span>
    </p>
   </div>
   <div class='ocr_carea' id='block_1_3' title="bbox 219 1230 2093 1545">
    <p class='ocr_par' dir='ltr' id='par_1_3' title="bbox 219 1230 2093 1545">
     <span class='ocr_line' id='line_1_3' title="bbox 223 1230 2093 1323; baseline 0.004 -24"><span class='ocrx_word' id='word_1_3' title='bbox 223 1231 302 1299; x_wconf 91' lang='lat' dir='ltr'>A.</span> <span class='ocrx_word' id='word_1_4' title='bbox 364 1230 549 1300; x_wconf 82' lang='lat' dir='ltr'>Card.</span> <span class='ocrx_word' id='word_1_5' title='bbox 606 1230 1147 1323; x_wconf 82' lang='lat' dir='ltr'>Schwarzenberg</span> <span class='ocrx_word' id='word_1_6' title='bbox 1201 1259 1282 1302; x_wconf 86' lang='lat' dir='ltr'>an</span> <span class='ocrx_word' id='word_1_7' title='bbox 1339 1235 1529 1304; x_wconf 80' lang='lat' dir='ltr'>Oard.</span> <span class='ocrx_word' id='word_1_8' title='bbox 1592 1236 1934 1320; x_wconf 87' lang='lat' dir='ltr'>Antonelli,</span> <span class='ocrx_word' id='word_1_9' title='bbox 1991 1235 2093 1306; x_wconf 88' lang='lat' dir='ltr'>die</span> 
     </span>
     <span class='ocr_line' id='line_1_4' title="bbox 219 1348 2090 1446; baseline 0.003 -28"><span class='ocrx_word' id='word_1_10' title='bbox 219 1348 526 1421; x_wconf 87' lang='lat' dir='ltr'>Auswahl</span> <span class='ocrx_word' id='word_1_11' title='bbox 593 1353 706 1419; x_wconf 91' lang='lat' dir='ltr'>der</span> <span class='ocrx_word' id='word_1_12' title='bbox 779 1350 1150 1442; x_wconf 80' lang='lat' dir='ltr'>Theologen</span> <span class='ocrx_word' id='word_1_13' title='bbox 1218 1378 1298 1421; x_wconf 84' lang='lat' dir='ltr'>zu</span> <span class='ocrx_word' id='word_1_14' title='bbox 1364 1356 1492 1422; x_wconf 89' lang='lat' dir='ltr'>den</span> <span class='ocrx_word' id='word_1_15' title='bbox 1557 1354 2090 1446; x_wconf 82' lang='lat' dir='ltr'>Vorbereitungs-</span> 
     </span>
     <span class='ocr_line' id='line_1_5' title="bbox 799 1470 1518 1545; baseline 0.008 -6"><span class='ocrx_word' id='word_1_16' title='bbox 799 1470 1306 1542; x_wconf 79' lang='lat' dir='ltr'>Commissionen</span> <span class='ocrx_word' id='word_1_17' title='bbox 1359 1473 1518 1545; x_wconf 87' lang='lat' dir='ltr'>betr.</span> 
     </span>
    </p>
   </div>
   <div class='ocr_carea' id='block_1_4' title="bbox 179 1651 2150 1709">
    <p class='ocr_par' dir='ltr' id='par_1_4' title="bbox 179 1651 2150 1709">
     <span class='ocr_line' id='line_1_6' title="bbox 179 1651 2150 1709; baseline 0.002 -4"><span class='ocrx_word' id='word_1_18' title='bbox 179 1652 619 1706; x_wconf 87' lang='lat' dir='ltr'>Eminentissime</span> <span class='ocrx_word' id='word_1_19' title='bbox 658 1670 720 1706; x_wconf 89' lang='lat' dir='ltr'>ac</span> <span class='ocrx_word' id='word_1_20' title='bbox 758 1651 1221 1706; x_wconf 85' lang='lat' dir='ltr'>Reverendissime</span> <span class='ocrx_word' id='word_1_21' title='bbox 1260 1654 1490 1708; x_wconf 83' lang='lat' dir='ltr'>Domine</span> <span class='ocrx_word' id='word_1_22' title='bbox 1530 1655 1604 1707; x_wconf 90' lang='lat' dir='ltr'>mi</span> <span class='ocrx_word' id='word_1_23' title='bbox 1645 1655 2150 1709; x_wconf 73' lang='lat' dir='ltr'>observantissime!</span> 
     </span>
    </p>
   </div>
   <div class='ocr_carea' id='block_1_5' title="bbox 133 1801 2178 3649">
    <p class='ocr_par' dir='ltr' id='par_1_5' title="bbox 136 1801 2178 2317">
     <span class='ocr_line' id='line_1_7' title="bbox 271 1801 2176 1872; baseline 0.001 -19"><span class='ocrx_word' id='word_1_24' title='bbox 271 1801 422 1864; x_wconf 86' lang='lat' dir='ltr'>Quod</span> <span class='ocrx_word' id='word_1_25' title='bbox 443 1801 754 1854; x_wconf 89' lang='lat' dir='ltr'>sollicitudo</span> <span class='ocrx_word' id='word_1_26' title='bbox 772 1801 1115 1854; x_wconf 81' lang='lat' dir='ltr'>Summorum</span> <span class='ocrx_word' id='word_1_27' title='bbox 1135 1802 1462 1856; x_wconf 90' lang='lat' dir='ltr'>Pontificum</span> <span class='ocrx_word' id='word_1_28' title='bbox 1491 1802 1702 1856; x_wconf 86' lang='lat' dir='ltr'>efficere</span> <span class='ocrx_word' id='word_1_29' title='bbox 1722 1822 1928 1872; x_wconf 84' lang='lat' dir='ltr'>semper</span> <span class='ocrx_word' id='word_1_30' title='bbox 1959 1803 2176 1856; x_wconf 87' lang='lat' dir='ltr'>adlabo-</span> 
     </span>
     <span class='ocr_line' id='line_1_8' title="bbox 139 1875 2178 1946; baseline 0.001 -18"><span class='ocrx_word' id='word_1_31' title='bbox 139 1876 299 1938; x_wconf 90' lang='lat' dir='ltr'>ravit,</span> <span class='ocrx_word' id='word_1_32' title='bbox 328 1880 392 1928; x_wconf 88' lang='lat' dir='ltr'>ut</span> <span class='ocrx_word' id='word_1_33' title='bbox 417 1875 673 1946; x_wconf 83' lang='lat' dir='ltr'>gravibus</span> <span class='ocrx_word' id='word_1_34' title='bbox 702 1880 755 1929; x_wconf 90' lang='lat' dir='ltr'>et</span> <span class='ocrx_word' id='word_1_35' title='bbox 789 1876 1159 1929; x_wconf 89' lang='lat' dir='ltr'>communibus</span> <span class='ocrx_word' id='word_1_36' title='bbox 1181 1877 1429 1930; x_wconf 87' lang='lat' dir='ltr'>ecclesiae</span> <span class='ocrx_word' id='word_1_37' title='bbox 1451 1878 1860 1931; x_wconf 88' lang='lat' dir='ltr'>necessitatibus</span> <span class='ocrx_word' id='word_1_38' title='bbox 1889 1879 2178 1946; x_wconf 90' lang='lat' dir='ltr'>conjuncta</span> 
     </span>
     <span class='ocr_line' id='line_1_9' title="bbox 139 1950 2175 2019; baseline 0 -18"><span class='ocrx_word' id='word_1_39' title='bbox 139 1950 515 2019; x_wconf 87' lang='lat' dir='ltr'>episcoporum</span> <span class='ocrx_word' id='word_1_40' title='bbox 546 1969 673 2003; x_wconf 90' lang='lat' dir='ltr'>cura</span> <span class='ocrx_word' id='word_1_41' title='bbox 695 1954 1050 2014; x_wconf 72' lang='lat' dir='ltr'>succurreret,</span> <span class='ocrx_word' id='word_1_42' title='bbox 1085 1952 1148 2003; x_wconf 88' lang='lat' dir='ltr'>ad</span> <span class='ocrx_word' id='word_1_43' title='bbox 1184 1952 1287 2005; x_wconf 90' lang='lat' dir='ltr'>hoc</span> <span class='ocrx_word' id='word_1_44' title='bbox 1321 1953 1483 2005; x_wconf 84' lang='lat' dir='ltr'>etiam</span> <span class='ocrx_word' id='word_1_45' title='bbox 1504 1952 1707 2005; x_wconf 87' lang='lat' dir='ltr'>nostris</span> <span class='ocrx_word' id='word_1_46' title='bbox 1729 1952 1913 2004; x_wconf 89' lang='lat' dir='ltr'>diebus</span> <span class='ocrx_word' id='word_1_47' title='bbox 1936 1950 2175 2004; x_wconf 81' lang='lat' dir='ltr'>Sanctis-</span> 
     </span>
     <span class='ocr_line' id='line_1_10' title="bbox 138 2022 2175 2096; baseline 0 -20"><span class='ocrx_word' id='word_1_48' title='bbox 138 2025 260 2076; x_wconf 89' lang='lat' dir='ltr'>simi</span> <span class='ocrx_word' id='word_1_49' title='bbox 324 2024 388 2077; x_wconf 91' lang='lat' dir='ltr'>D.</span> <span class='ocrx_word' id='word_1_50' title='bbox 443 2022 509 2077; x_wconf 90' lang='lat' dir='ltr'>N.</span> <span class='ocrx_word' id='word_1_51' title='bbox 561 2024 618 2077; x_wconf 91' lang='lat' dir='ltr'>P.</span> <span class='ocrx_word' id='word_1_52' title='bbox 670 2025 753 2077; x_wconf 90' lang='lat' dir='ltr'>Pii</span> <span class='ocrx_word' id='word_1_53' title='bbox 793 2025 886 2078; x_wconf 91' lang='lat' dir='ltr'>IX.</span> <span class='ocrx_word' id='word_1_54' title='bbox 949 2026 1233 2078; x_wconf 89' lang='lat' dir='ltr'>consilium</span> <span class='ocrx_word' id='word_1_55' title='bbox 1290 2026 1493 2089; x_wconf 85' lang='lat' dir='ltr'>tendit,</span> <span class='ocrx_word' id='word_1_56' title='bbox 1556 2027 1749 2096; x_wconf 90' lang='lat' dir='ltr'>quibus</span> <span class='ocrx_word' id='word_1_57' title='bbox 1803 2026 2024 2078; x_wconf 90' lang='lat' dir='ltr'>ecclesia</span> <span class='ocrx_word' id='word_1_58' title='bbox 2080 2044 2175 2094; x_wconf 91' lang='lat' dir='ltr'>per</span> 
     </span>
     <span class='ocr_line' id='line_1_11' title="bbox 141 2099 2173 2171; baseline 0.001 -21"><span class='ocrx_word' id='word_1_59' title='bbox 141 2099 446 2151; x_wconf 88' lang='lat' dir='ltr'>universum</span> <span class='ocrx_word' id='word_1_60' title='bbox 505 2100 687 2152; x_wconf 83' lang='lat' dir='ltr'>orbem</span> <span class='ocrx_word' id='word_1_61' title='bbox 752 2104 1053 2171; x_wconf 84' lang='lat' dir='ltr'>propagata</span> <span class='ocrx_word' id='word_1_62' title='bbox 1113 2105 1166 2153; x_wconf 90' lang='lat' dir='ltr'>et</span> <span class='ocrx_word' id='word_1_63' title='bbox 1219 2104 1437 2153; x_wconf 88' lang='lat' dir='ltr'>extensa</span> <span class='ocrx_word' id='word_1_64' title='bbox 1487 2101 1543 2152; x_wconf 87' lang='lat' dir='ltr'>in</span> <span class='ocrx_word' id='word_1_65' title='bbox 1602 2099 1957 2153; x_wconf 89' lang='lat' dir='ltr'>dissitissimis</span> <span class='ocrx_word' id='word_1_66' title='bbox 2014 2099 2173 2152; x_wconf 87' lang='lat' dir='ltr'>terris</span> 
     </span>
     <span class='ocr_line' id='line_1_12' title="bbox 136 2173 2173 2245; baseline 0 -20"><span class='ocrx_word' id='word_1_67' title='bbox 136 2173 367 2241; x_wconf 90' lang='lat' dir='ltr'>populos</span> <span class='ocrx_word' id='word_1_68' title='bbox 408 2174 580 2242; x_wconf 91' lang='lat' dir='ltr'>pascit</span> <span class='ocrx_word' id='word_1_69' title='bbox 619 2174 677 2226; x_wconf 90' lang='lat' dir='ltr'>in</span> <span class='ocrx_word' id='word_1_70' title='bbox 715 2176 926 2245; x_wconf 84' lang='lat' dir='ltr'>magnis</span> <span class='ocrx_word' id='word_1_71' title='bbox 967 2174 1386 2228; x_wconf 86' lang='lat' dir='ltr'>difficultatibus</span> <span class='ocrx_word' id='word_1_72' title='bbox 1434 2175 1611 2243; x_wconf 87' lang='lat' dir='ltr'>posita</span> <span class='ocrx_word' id='word_1_73' title='bbox 1651 2179 1705 2227; x_wconf 92' lang='lat' dir='ltr'>et</span> <span class='ocrx_word' id='word_1_74' title='bbox 1743 2174 1907 2227; x_wconf 86' lang='lat' dir='ltr'>variis</span> <span class='ocrx_word' id='word_1_75' title='bbox 1949 2174 2173 2226; x_wconf 91' lang='lat' dir='ltr'>circum-</span> 
     </span>
     <span class='ocr_line' id='line_1_13' title="bbox 136 2249 617 2317; baseline 0.004 -18"><span class='ocrx_word' id='word_1_76' title='bbox 136 2251 296 2300; x_wconf 88' lang='lat' dir='ltr'>venta</span> <span class='ocrx_word' id='word_1_77' title='bbox 334 2249 617 2317; x_wconf 71' lang='lat' dir='ltr'>angustiis</span> 
     </span>
    </p>

    <p class='ocr_par' dir='ltr' id='par_1_6' title="bbox 134 2320 2173 2838">
     <span class='ocr_line' id='line_1_14' title="bbox 285 2320 2173 2392; baseline 0 -19"><span class='ocrx_word' id='word_1_78' title='bbox 285 2320 341 2374; x_wconf 81' lang='lat' dir='ltr'>Si</span> <span class='ocrx_word' id='word_1_79' title='bbox 381 2341 444 2374; x_wconf 89' lang='lat' dir='ltr'>ex</span> <span class='ocrx_word' id='word_1_80' title='bbox 484 2322 742 2376; x_wconf 88' lang='lat' dir='ltr'>immenso</span> <span class='ocrx_word' id='word_1_81' title='bbox 783 2324 888 2376; x_wconf 91' lang='lat' dir='ltr'>isto</span> <span class='ocrx_word' id='word_1_82' title='bbox 930 2323 1217 2375; x_wconf 89' lang='lat' dir='ltr'>diocesium</span> <span class='ocrx_word' id='word_1_83' title='bbox 1258 2342 1499 2392; x_wconf 86' lang='lat' dir='ltr'>numero,</span> <span class='ocrx_word' id='word_1_84' title='bbox 1541 2322 1762 2384; x_wconf 88' lang='lat' dir='ltr'>ambitu,</span> <span class='ocrx_word' id='word_1_85' title='bbox 1805 2321 2080 2383; x_wconf 88' lang='lat' dir='ltr'>distantia,</span> <span class='ocrx_word' id='word_1_86' title='bbox 2111 2340 2173 2373; x_wconf 85' lang='lat' dir='ltr'>ex</span> 
     </span>
     <span class='ocr_line' id='line_1_15' title="bbox 137 2396 2172 2467; baseline 0 -20"><span class='ocrx_word' id='word_1_87' title='bbox 137 2396 452 2464; x_wconf 89' lang='lat' dir='ltr'>quotidiana</span> <span class='ocrx_word' id='word_1_88' title='bbox 505 2397 891 2466; x_wconf 80' lang='lat' dir='ltr'>episcopalium</span> <span class='ocrx_word' id='word_1_89' title='bbox 942 2397 1287 2467; x_wconf 86' lang='lat' dir='ltr'>negotiorum</span> <span class='ocrx_word' id='word_1_90' title='bbox 1326 2396 1662 2466; x_wconf 77' lang='lat' dir='ltr'>frequentia,</span> <span class='ocrx_word' id='word_1_91' title='bbox 1713 2415 1848 2465; x_wconf 90' lang='lat' dir='ltr'>quae</span> <span class='ocrx_word' id='word_1_92' title='bbox 1888 2396 1947 2447; x_wconf 91' lang='lat' dir='ltr'>in</span> <span class='ocrx_word' id='word_1_93' title='bbox 1985 2414 2172 2448; x_wconf 90' lang='lat' dir='ltr'>eorum</span> 
     </span>
     <span class='ocr_line' id='line_1_16' title="bbox 137 2469 2170 2540; baseline -0 -19"><span class='ocrx_word' id='word_1_94' title='bbox 137 2470 346 2522; x_wconf 83' lang='lat' dir='ltr'>sedibus</span> <span class='ocrx_word' id='word_1_95' title='bbox 404 2472 762 2539; x_wconf 83' lang='lat' dir='ltr'>praesentiam</span> <span class='ocrx_word' id='word_1_96' title='bbox 811 2472 1079 2540; x_wconf 78' lang='lat' dir='ltr'>exposcit,</span> <span class='ocrx_word' id='word_1_97' title='bbox 1140 2490 1251 2523; x_wconf 89' lang='lat' dir='ltr'>non</span> <span class='ocrx_word' id='word_1_98' title='bbox 1309 2471 1516 2524; x_wconf 89' lang='lat' dir='ltr'>modica</span> <span class='ocrx_word' id='word_1_99' title='bbox 1567 2470 1796 2523; x_wconf 87' lang='lat' dir='ltr'>Concilii</span> <span class='ocrx_word' id='word_1_100' title='bbox 1844 2469 2170 2523; x_wconf 87' lang='lat' dir='ltr'>oecumenici</span> 
     </span>
     <span class='ocr_line' id='line_1_17' title="bbox 137 2544 2170 2615; baseline 0 -19"><span class='ocrx_word' id='word_1_101' title='bbox 137 2544 442 2596; x_wconf 86' lang='lat' dir='ltr'>celebrandi</span> <span class='ocrx_word' id='word_1_102' title='bbox 489 2545 788 2599; x_wconf 87' lang='lat' dir='ltr'>difficultas</span> <span class='ocrx_word' id='word_1_103' title='bbox 841 2546 1113 2615; x_wconf 82' lang='lat' dir='ltr'>exsurgit,</span> <span class='ocrx_word' id='word_1_104' title='bbox 1167 2550 1393 2615; x_wconf 85' lang='lat' dir='ltr'>augetur</span> <span class='ocrx_word' id='word_1_105' title='bbox 1448 2545 1788 2614; x_wconf 89' lang='lat' dir='ltr'>potissimum</span> <span class='ocrx_word' id='word_1_106' title='bbox 1831 2545 1992 2598; x_wconf 89' lang='lat' dir='ltr'>etiam</span> <span class='ocrx_word' id='word_1_107' title='bbox 2030 2544 2170 2606; x_wconf 90' lang='lat' dir='ltr'>inde,</span> 
     </span>
     <span class='ocr_line' id='line_1_18' title="bbox 137 2618 2172 2689; baseline -0 -18"><span class='ocrx_word' id='word_1_108' title='bbox 137 2619 279 2687; x_wconf 88' lang='lat' dir='ltr'>quod</span> <span class='ocrx_word' id='word_1_109' title='bbox 319 2619 588 2671; x_wconf 85' lang='lat' dir='ltr'>Ecclesiae</span> <span class='ocrx_word' id='word_1_110' title='bbox 639 2620 929 2673; x_wconf 86' lang='lat' dir='ltr'>adversarii</span> <span class='ocrx_word' id='word_1_111' title='bbox 972 2639 1063 2689; x_wconf 91' lang='lat' dir='ltr'>per</span> <span class='ocrx_word' id='word_1_112' title='bbox 1116 2620 1296 2671; x_wconf 89' lang='lat' dir='ltr'>odium</span> <span class='ocrx_word' id='word_1_113' title='bbox 1338 2624 1390 2672; x_wconf 90' lang='lat' dir='ltr'>et</span> <span class='ocrx_word' id='word_1_114' title='bbox 1430 2619 1686 2671; x_wconf 87' lang='lat' dir='ltr'>invidiam</span> <span class='ocrx_word' id='word_1_115' title='bbox 1722 2621 1834 2688; x_wconf 89' lang='lat' dir='ltr'>jam</span> <span class='ocrx_word' id='word_1_116' title='bbox 1872 2618 2172 2688; x_wconf 86' lang='lat' dir='ltr'>aggressio-</span> 
     </span>
     <span class='ocr_line' id='line_1_19' title="bbox 134 2692 2170 2764; baseline 0 -21"><span class='ocrx_word' id='word_1_117' title='bbox 134 2710 227 2744; x_wconf 87' lang='lat' dir='ltr'>nes</span> <span class='ocrx_word' id='word_1_118' title='bbox 271 2694 447 2746; x_wconf 91' lang='lat' dir='ltr'>moliri</span> <span class='ocrx_word' id='word_1_119' title='bbox 489 2713 597 2746; x_wconf 91' lang='lat' dir='ltr'>non</span> <span class='ocrx_word' id='word_1_120' title='bbox 632 2695 907 2757; x_wconf 87' lang='lat' dir='ltr'>omittant,</span> <span class='ocrx_word' id='word_1_121' title='bbox 950 2699 1004 2747; x_wconf 88' lang='lat' dir='ltr'>et</span> <span class='ocrx_word' id='word_1_122' title='bbox 1044 2694 1135 2746; x_wconf 92' lang='lat' dir='ltr'>ubi</span> <span class='ocrx_word' id='word_1_123' title='bbox 1163 2694 1440 2764; x_wconf 83' lang='lat' dir='ltr'>sugillent,</span> <span class='ocrx_word' id='word_1_124' title='bbox 1484 2692 1804 2746; x_wconf 84' lang='lat' dir='ltr'>cavillentur</span> <span class='ocrx_word' id='word_1_125' title='bbox 1845 2698 1900 2745; x_wconf 89' lang='lat' dir='ltr'>et</span> <span class='ocrx_word' id='word_1_126' title='bbox 1924 2695 2170 2754; x_wconf 87' lang='lat' dir='ltr'>noceant,</span> 
     </span>
     <span class='ocr_line' id='line_1_20' title="bbox 135 2767 869 2838; baseline 0.001 -19"><span class='ocrx_word' id='word_1_127' title='bbox 135 2767 523 2820; x_wconf 86' lang='lat' dir='ltr'>studiosissime</span> <span class='ocrx_word' id='word_1_128' title='bbox 563 2768 869 2838; x_wconf 87' lang='lat' dir='ltr'>dispiciant.</span> 
     </span>
    </p>

    <p class='ocr_par' dir='ltr' id='par_1_7' title="bbox 133 2839 2171 3502">
     <span class='ocr_line' id='line_1_21' title="bbox 284 2839 2169 2912; baseline -0.001 -19"><span class='ocrx_word' id='word_1_129' title='bbox 284 2840 484 2903; x_wconf 80' lang='lat' dir='ltr'>Quanti</span> <span class='ocrx_word' id='word_1_130' title='bbox 535 2842 717 2912; x_wconf 75' lang='lat' dir='ltr'>itaque</span> <span class='ocrx_word' id='word_1_131' title='bbox 769 2842 1023 2895; x_wconf 87' lang='lat' dir='ltr'>momenti</span> <span class='ocrx_word' id='word_1_132' title='bbox 1077 2841 1176 2903; x_wconf 91' lang='lat' dir='ltr'>sit,</span> <span class='ocrx_word' id='word_1_133' title='bbox 1227 2859 1286 2892; x_wconf 91' lang='lat' dir='ltr'>ea</span> <span class='ocrx_word' id='word_1_134' title='bbox 1336 2840 1537 2903; x_wconf 88' lang='lat' dir='ltr'>omnia,</span> <span class='ocrx_word' id='word_1_135' title='bbox 1593 2858 1727 2909; x_wconf 87' lang='lat' dir='ltr'>quae</span> <span class='ocrx_word' id='word_1_136' title='bbox 1765 2840 1831 2891; x_wconf 89' lang='lat' dir='ltr'>ad</span> <span class='ocrx_word' id='word_1_137' title='bbox 1871 2839 2169 2892; x_wconf 84' lang='lat' dir='ltr'>Concilium</span> 
     </span>
     <span class='ocr_line' id='line_1_22' title="bbox 135 2914 2168 2983; baseline -0.001 -17"><span class='ocrx_word' id='word_1_138' title='bbox 135 2915 421 2968; x_wconf 90' lang='lat' dir='ltr'>salubriter</span> <span class='ocrx_word' id='word_1_139' title='bbox 487 2917 857 2969; x_wconf 83' lang='lat' dir='ltr'>celebrandum</span> <span class='ocrx_word' id='word_1_140' title='bbox 936 2915 1248 2983; x_wconf 87' lang='lat' dir='ltr'>pertinent,</span> <span class='ocrx_word' id='word_1_141' title='bbox 1326 2914 1557 2967; x_wconf 83' lang='lat' dir='ltr'>sollicite</span> <span class='ocrx_word' id='word_1_142' title='bbox 1622 2914 1993 2975; x_wconf 83' lang='lat' dir='ltr'>considerare,</span> <span class='ocrx_word' id='word_1_143' title='bbox 2058 2931 2168 2965; x_wconf 88' lang='lat' dir='ltr'>non</span> 
     </span>
     <span class='ocr_line' id='line_1_23' title="bbox 134 2987 2171 3059; baseline -0 -19"><span class='ocrx_word' id='word_1_144' title='bbox 134 2989 342 3059; x_wconf 81' lang='lat' dir='ltr'>indiget</span> <span class='ocrx_word' id='word_1_145' title='bbox 382 2991 581 3043; x_wconf 88' lang='lat' dir='ltr'>verbis:</span> <span class='ocrx_word' id='word_1_146' title='bbox 632 2992 746 3043; x_wconf 79' lang='lat' dir='ltr'>Tua</span> <span class='ocrx_word' id='word_1_147' title='bbox 784 2991 924 3042; x_wconf 90' lang='lat' dir='ltr'>enim</span> <span class='ocrx_word' id='word_1_148' title='bbox 964 2989 1113 3040; x_wconf 83' lang='lat' dir='ltr'>Rma.</span> <span class='ocrx_word' id='word_1_149' title='bbox 1158 2987 1467 3040; x_wconf 85' lang='lat' dir='ltr'>Eminentia</span> <span class='ocrx_word' id='word_1_150' title='bbox 1515 2988 1578 3039; x_wconf 85' lang='lat' dir='ltr'>de</span> <span class='ocrx_word' id='word_1_151' title='bbox 1617 3005 1676 3039; x_wconf 85' lang='lat' dir='ltr'>ea</span> <span class='ocrx_word' id='word_1_152' title='bbox 1725 3005 1783 3039; x_wconf 92' lang='lat' dir='ltr'>re</span> <span class='ocrx_word' id='word_1_153' title='bbox 1836 2987 1997 3040; x_wconf 90' lang='lat' dir='ltr'>habet</span> <span class='ocrx_word' id='word_1_154' title='bbox 2048 3005 2171 3056; x_wconf 82' lang='lat' dir='ltr'>per-</span> 
     </span>
     <span class='ocr_line' id='line_1_24' title="bbox 134 3059 2171 3133; baseline -0 -18"><span class='ocrx_word' id='word_1_155' title='bbox 134 3064 529 3116; x_wconf 85' lang='lat' dir='ltr'>suasissimum:</span> <span class='ocrx_word' id='word_1_156' title='bbox 575 3065 659 3117; x_wconf 92' lang='lat' dir='ltr'>cui</span> <span class='ocrx_word' id='word_1_157' title='bbox 699 3064 941 3133; x_wconf 89' lang='lat' dir='ltr'>specialis</span> <span class='ocrx_word' id='word_1_158' title='bbox 971 3062 1424 3131; x_wconf 82' lang='lat' dir='ltr'>Congregationis</span> <span class='ocrx_word' id='word_1_159' title='bbox 1463 3080 1493 3112; x_wconf 92' lang='lat' dir='ltr'>a</span> <span class='ocrx_word' id='word_1_160' title='bbox 1533 3060 1672 3113; x_wconf 82' lang='lat' dir='ltr'>Smo,</span> <span class='ocrx_word' id='word_1_161' title='bbox 1707 3061 1937 3113; x_wconf 90' lang='lat' dir='ltr'>Domino</span> <span class='ocrx_word' id='word_1_162' title='bbox 1966 3059 2171 3115; x_wconf 92' lang='lat' dir='ltr'>Nostro</span> 
     </span>
     <span class='ocr_line' id='line_1_25' title="bbox 134 3135 2168 3207; baseline -0.001 -18"><span class='ocrx_word' id='word_1_163' title='bbox 134 3138 199 3189; x_wconf 90' lang='lat' dir='ltr'>ad</span> <span class='ocrx_word' id='word_1_164' title='bbox 249 3138 352 3190; x_wconf 89' lang='lat' dir='ltr'>hoc</span> <span class='ocrx_word' id='word_1_165' title='bbox 391 3158 527 3207; x_wconf 89' lang='lat' dir='ltr'>opus</span> <span class='ocrx_word' id='word_1_166' title='bbox 568 3140 899 3191; x_wconf 86' lang='lat' dir='ltr'>constitutae</span> <span class='ocrx_word' id='word_1_167' title='bbox 940 3135 1278 3189; x_wconf 87' lang='lat' dir='ltr'>commissum</span> <span class='ocrx_word' id='word_1_168' title='bbox 1325 3140 1406 3188; x_wconf 88' lang='lat' dir='ltr'>est</span> <span class='ocrx_word' id='word_1_169' title='bbox 1445 3135 1685 3204; x_wconf 83' lang='lat' dir='ltr'>regimen</span> <span class='ocrx_word' id='word_1_170' title='bbox 1732 3139 1786 3188; x_wconf 90' lang='lat' dir='ltr'>et</span> <span class='ocrx_word' id='word_1_171' title='bbox 1825 3135 2168 3204; x_wconf 87' lang='lat' dir='ltr'>praesidium,</span> 
     </span>
     <span class='ocr_line' id='line_1_26' title="bbox 133 3208 2168 3281; baseline 0 -18"><span class='ocrx_word' id='word_1_172' title='bbox 133 3215 289 3264; x_wconf 89' lang='lat' dir='ltr'>tanta</span> <span class='ocrx_word' id='word_1_173' title='bbox 320 3214 432 3281; x_wconf 88' lang='lat' dir='ltr'>jam</span> <span class='ocrx_word' id='word_1_174' title='bbox 471 3209 615 3265; x_wconf 81' lang='lat' dir='ltr'>Tuae</span> <span class='ocrx_word' id='word_1_175' title='bbox 643 3211 982 3264; x_wconf 85' lang='lat' dir='ltr'>Eminentiae</span> <span class='ocrx_word' id='word_1_176' title='bbox 1022 3228 1121 3278; x_wconf 92' lang='lat' dir='ltr'>pro</span> <span class='ocrx_word' id='word_1_177' title='bbox 1160 3209 1260 3261; x_wconf 91' lang='lat' dir='ltr'>hac</span> <span class='ocrx_word' id='word_1_178' title='bbox 1298 3228 1356 3260; x_wconf 90' lang='lat' dir='ltr'>re</span> <span class='ocrx_word' id='word_1_179' title='bbox 1381 3208 1696 3277; x_wconf 78' lang='lat' dir='ltr'>gravissima</span> <span class='ocrx_word' id='word_1_180' title='bbox 1735 3214 1816 3262; x_wconf 91' lang='lat' dir='ltr'>est</span> <span class='ocrx_word' id='word_1_181' title='bbox 1843 3209 2168 3273; x_wconf 86' lang='lat' dir='ltr'>sollicitudO,</span> 
     </span>
     <span class='ocr_line' id='line_1_27' title="bbox 135 3283 2170 3354; baseline -0.001 -16"><span class='ocrx_word' id='word_1_182' title='bbox 135 3290 198 3338; x_wconf 88' lang='lat' dir='ltr'>ut</span> <span class='ocrx_word' id='word_1_183' title='bbox 247 3287 466 3339; x_wconf 89' lang='lat' dir='ltr'>omnino</span> <span class='ocrx_word' id='word_1_184' title='bbox 507 3291 723 3354; x_wconf 84' lang='lat' dir='ltr'>gratum</span> <span class='ocrx_word' id='word_1_185' title='bbox 762 3286 911 3347; x_wconf 89' lang='lat' dir='ltr'>Tibi,</span> <span class='ocrx_word' id='word_1_186' title='bbox 966 3284 1106 3336; x_wconf 88' lang='lat' dir='ltr'>sicut</span> <span class='ocrx_word' id='word_1_187' title='bbox 1156 3283 1365 3334; x_wconf 90' lang='lat' dir='ltr'>muneri</span> <span class='ocrx_word' id='word_1_188' title='bbox 1404 3300 1520 3334; x_wconf 90' lang='lat' dir='ltr'>meo</span> <span class='ocrx_word' id='word_1_189' title='bbox 1562 3283 1820 3351; x_wconf 87' lang='lat' dir='ltr'>pastorali</span> <span class='ocrx_word' id='word_1_190' title='bbox 1860 3283 2170 3337; x_wconf 85' lang='lat' dir='ltr'>satisfacere</span> 
     </span>
     <span class='ocr_line' id='line_1_28' title="bbox 134 3355 2168 3426; baseline 0 -16"><span class='ocrx_word' id='word_1_191' title='bbox 134 3359 267 3411; x_wconf 88' lang='lat' dir='ltr'>mihi</span> <span class='ocrx_word' id='word_1_192' title='bbox 307 3360 513 3421; x_wconf 85' lang='lat' dir='ltr'>videar,</span> <span class='ocrx_word' id='word_1_193' title='bbox 555 3359 600 3410; x_wconf 90' lang='lat' dir='ltr'>si</span> <span class='ocrx_word' id='word_1_194' title='bbox 641 3359 948 3426; x_wconf 88' lang='lat' dir='ltr'>opinionem</span> <span class='ocrx_word' id='word_1_195' title='bbox 990 3375 1158 3408; x_wconf 88' lang='lat' dir='ltr'>meam</span> <span class='ocrx_word' id='word_1_196' title='bbox 1199 3375 1298 3424; x_wconf 91' lang='lat' dir='ltr'>pro</span> <span class='ocrx_word' id='word_1_197' title='bbox 1340 3355 1545 3424; x_wconf 89' lang='lat' dir='ltr'>optimo</span> <span class='ocrx_word' id='word_1_198' title='bbox 1585 3358 1698 3426; x_wconf 86' lang='lat' dir='ltr'>ejus</span> <span class='ocrx_word' id='word_1_199' title='bbox 1737 3357 1912 3420; x_wconf 85' lang='lat' dir='ltr'>exitu,</span> <span class='ocrx_word' id='word_1_200' title='bbox 1953 3362 2007 3410; x_wconf 91' lang='lat' dir='ltr'>et</span> <span class='ocrx_word' id='word_1_201' title='bbox 2046 3376 2168 3410; x_wconf 83' lang='lat' dir='ltr'>vere</span> 
     </span>
     <span class='ocr_line' id='line_1_29' title="bbox 135 3430 1315 3502; baseline -0.003 -17"><span class='ocrx_word' id='word_1_202' title='bbox 135 3433 356 3485; x_wconf 88' lang='lat' dir='ltr'>solliciti</span> <span class='ocrx_word' id='word_1_203' title='bbox 394 3433 560 3485; x_wconf 89' lang='lat' dir='ltr'>animi</span> <span class='ocrx_word' id='word_1_204' title='bbox 599 3450 756 3484; x_wconf 87' lang='lat' dir='ltr'>sensu</span> <span class='ocrx_word' id='word_1_205' title='bbox 795 3433 1026 3502; x_wconf 83' lang='lat' dir='ltr'>ingenue</span> <span class='ocrx_word' id='word_1_206' title='bbox 1065 3430 1315 3498; x_wconf 88' lang='lat' dir='ltr'>aperiam.</span> 
     </span>
    </p>

    <p class='ocr_par' dir='ltr' id='par_1_8' title="bbox 136 3502 2168 3649">
     <span class='ocr_line' id='line_1_30' title="bbox 283 3502 2168 3574; baseline -0.002 -16"><span class='ocrx_word' id='word_1_207' title='bbox 283 3505 458 3567; x_wconf 87' lang='lat' dir='ltr'>Quum</span> <span class='ocrx_word' id='word_1_208' title='bbox 497 3507 641 3558; x_wconf 88' lang='lat' dir='ltr'>viros</span> <span class='ocrx_word' id='word_1_209' title='bbox 682 3506 978 3567; x_wconf 89' lang='lat' dir='ltr'>considero,</span> <span class='ocrx_word' id='word_1_210' title='bbox 1019 3503 1110 3572; x_wconf 90' lang='lat' dir='ltr'>qui</span> <span class='ocrx_word' id='word_1_211' title='bbox 1147 3522 1210 3555; x_wconf 89' lang='lat' dir='ltr'>ex</span> <span class='ocrx_word' id='word_1_212' title='bbox 1238 3502 1492 3556; x_wconf 88' lang='lat' dir='ltr'>Austriae</span> <span class='ocrx_word' id='word_1_213' title='bbox 1531 3505 1759 3574; x_wconf 86' lang='lat' dir='ltr'>imperio</span> <span class='ocrx_word' id='word_1_214' title='bbox 1799 3510 1854 3559; x_wconf 88' lang='lat' dir='ltr'>et</span> <span class='ocrx_word' id='word_1_215' title='bbox 1881 3504 2168 3558; x_wconf 84' lang='lat' dir='ltr'>Germania</span> 
     </span>
     <span class='ocr_line' id='line_1_31' title="bbox 136 3577 2164 3649; baseline -0.001 -17"><span class='ocrx_word' id='word_1_216' title='bbox 136 3580 202 3632; x_wconf 90' lang='lat' dir='ltr'>ad</span> <span class='ocrx_word' id='word_1_217' title='bbox 240 3578 399 3632; x_wconf 85' lang='lat' dir='ltr'>ista-m</span> <span class='ocrx_word' id='word_1_218' title='bbox 426 3579 852 3649; x_wconf 86' lang='lat' dir='ltr'>praeparationis</span> <span class='ocrx_word' id='word_1_219' title='bbox 882 3577 1366 3648; x_wconf 86' lang='lat' dir='ltr'>Congregationem</span> <span class='ocrx_word' id='word_1_220' title='bbox 1395 3578 1640 3632; x_wconf 88' lang='lat' dir='ltr'>accersiti</span> <span class='ocrx_word' id='word_1_221' title='bbox 1667 3580 1907 3643; x_wconf 83' lang='lat' dir='ltr'>fuerunt,</span> <span class='ocrx_word' id='word_1_222' title='bbox 1932 3579 2164 3632; x_wconf 87' lang='lat' dir='ltr'>animum</span> 
     </span>
    </p>
   </div>
  </div>
 </body>
</html>
