<?xml version="1.0" encoding="UTF-8"?>
<!DOCTYPE html PUBLIC "-//W3C//DTD XHTML 1.0 Transitional//EN"
    "http://www.w3.org/TR/xhtml1/DTD/xhtml1-transitional.dtd">
<html xmlns="http://www.w3.org/1999/xhtml" xml:lang="en" lang="en">
 <head>
  <title>
</title>
<meta http-equiv="Content-Type" content="text/html;charset=utf-8" />
  <meta name='ocr-system' content='tesseract 3.04.00' />
  <meta name='ocr-capabilities' content='ocr_page ocr_carea ocr_par ocr_line ocrx_word'/>
</head>
<body>
  <div class='ocr_page' id='page_1' title='image "./a582484600frieuoft_0088.png"; bbox 0 0 2722 4146; ppageno 0'>
   <div class='ocr_carea' id='block_1_1' title="bbox 422 272 492 328">
    <p class='ocr_par' dir='ltr' id='par_1_1' title="bbox 422 272 492 328">
     <span class='ocr_line' id='line_1_1' title="bbox 422 272 492 328; baseline 0.014 -1"><span class='ocrx_word' id='word_1_1' title='bbox 422 272 492 328; x_wconf 82' lang='lat'>76</span> 
     </span>
    </p>
   </div>
   <div class='ocr_carea' id='block_1_2' title="bbox 422 415 2464 490">
    <p class='ocr_par' dir='ltr' id='par_1_2' title="bbox 422 415 2464 490">
     <span class='ocr_line' id='line_1_2' title="bbox 422 415 2464 490; baseline -0.001 -18"><span class='ocrx_word' id='word_1_2' title='bbox 422 421 546 473; x_wconf 89' lang='lat' dir='ltr'>dum</span> <span class='ocrx_word' id='word_1_3' title='bbox 606 420 789 490; x_wconf 88' lang='lat' dir='ltr'>plures</span> <span class='ocrx_word' id='word_1_4' title='bbox 829 420 1118 472; x_wconf 86' lang='lat' dir='ltr'>defuerunt</span> <span class='ocrx_word' id='word_1_5' title='bbox 1157 417 1376 470; x_wconf 89' lang='lat' dir='ltr'>decreto</span> <span class='ocrx_word' id='word_1_6' title='bbox 1430 415 1684 470; x_wconf 84' lang='lat' dir='ltr'>sessionis</span> <span class='ocrx_word' id='word_1_7' title='bbox 1723 416 1818 470; x_wconf 89' lang='lat' dir='ltr'>IV.</span> <span class='ocrx_word' id='word_1_8' title='bbox 1867 416 1985 469; x_wconf 90' lang='lat' dir='ltr'>ideo</span> <span class='ocrx_word' id='word_1_9' title='bbox 2045 415 2368 486; x_wconf 71' lang='lat' dir='ltr'>supplentur</span> <span class='ocrx_word' id='word_1_10' title='bbox 2405 415 2464 469; x_wconf 92' lang='lat' dir='ltr'>in</span> 
     </span>
    </p>
   </div>
   <div class='ocr_carea' id='block_1_3' title="bbox 414 490 2468 3532">
    <p class='ocr_par' dir='ltr' id='par_1_3' title="bbox 417 490 2461 700">
     <span class='ocr_line' id='line_1_3' title="bbox 418 490 2460 563; baseline -0.002 -15"><span class='ocrx_word' id='word_1_11' title='bbox 418 495 657 548; x_wconf 82' lang='lat' dir='ltr'>sessione</span> <span class='ocrx_word' id='word_1_12' title='bbox 697 494 787 563; x_wconf 93' lang='lat' dir='ltr'>V.)</span> <span class='ocrx_word' id='word_1_13' title='bbox 866 493 1111 547; x_wconf 82' lang='lat' dir='ltr'>Sessione</span> <span class='ocrx_word' id='word_1_14' title='bbox 1151 490 1217 543; x_wconf 91' lang='lat' dir='ltr'>V.</span> <span class='ocrx_word' id='word_1_15' title='bbox 1259 491 1527 560; x_wconf 86' lang='lat' dir='ltr'>repetitur</span> <span class='ocrx_word' id='word_1_16' title='bbox 1566 491 1840 544; x_wconf 86' lang='lat' dir='ltr'>decretum</span> <span class='ocrx_word' id='word_1_17' title='bbox 1887 510 2006 543; x_wconf 89' lang='lat' dir='ltr'>cum</span> <span class='ocrx_word' id='word_1_18' title='bbox 2061 491 2326 543; x_wconf 79' lang='lat' dir='ltr'>clausula:</span> <span class='ocrx_word' id='word_1_19' title='bbox 2371 495 2460 544; x_wconf 75' lang='lat' dir='ltr'>«et</span> 
     </span>
     <span class='ocr_line' id='line_1_4' title="bbox 417 564 2461 635; baseline -0.001 -13"><span class='ocrx_word' id='word_1_20' title='bbox 417 569 858 623; x_wconf 72' lang='lat' dir='ltr'>reformationem</span> <span class='ocrx_word' id='word_1_21' title='bbox 915 568 1074 621; x_wconf 81' lang='lat' dir='ltr'>dictae</span> <span class='ocrx_word' id='word_1_22' title='bbox 1131 566 1384 619; x_wconf 79' lang='lat' dir='ltr'>Ecclesiae</span> <span class='ocrx_word' id='word_1_23' title='bbox 1453 565 1513 618; x_wconf 90' lang='lat' dir='ltr'>in</span> <span class='ocrx_word' id='word_1_24' title='bbox 1569 565 1748 635; x_wconf 87' lang='lat' dir='ltr'>capite</span> <span class='ocrx_word' id='word_1_25' title='bbox 1806 569 1861 620; x_wconf 91' lang='lat' dir='ltr'>et</span> <span class='ocrx_word' id='word_1_26' title='bbox 1917 566 1977 618; x_wconf 91' lang='lat' dir='ltr'>in</span> <span class='ocrx_word' id='word_1_27' title='bbox 2041 564 2346 629; x_wconf 83' lang='lat' dir='ltr'>membris,&gt;›</span> <span class='ocrx_word' id='word_1_28' title='bbox 2406 569 2461 619; x_wconf 89' lang='lat' dir='ltr'>et</span> 
     </span>
     <span class='ocr_line' id='line_1_5' title="bbox 417 644 1283 700; baseline -0.01 -4"><span class='ocrx_word' id='word_1_29' title='bbox 417 644 663 696; x_wconf 77' lang='lat' dir='ltr'>additur:</span> <span class='ocrx_word' id='word_1_30' title='bbox 1281 697 1283 700; x_wconf 16' lang='lat' dir='ltr'><strong>f</strong></span> 
     </span>
    </p>

    <p class='ocr_par' dir='ltr' id='par_1_4' title="bbox 414 713 2465 2791">
     <span class='ocr_line' id='line_1_6' title="bbox 568 713 2459 785; baseline -0.002 -16"><span class='ocrx_word' id='word_1_31' title='bbox 568 717 739 770; x_wconf 80' lang='lat' dir='ltr'>«Item</span> <span class='ocrx_word' id='word_1_32' title='bbox 795 717 1050 779; x_wconf 73' lang='lat' dir='ltr'>declarat,</span> <span class='ocrx_word' id='word_1_33' title='bbox 1113 715 1257 784; x_wconf 87' lang='lat' dir='ltr'>quod</span> <span class='ocrx_word' id='word_1_34' title='bbox 1317 714 1626 784; x_wconf 83' lang='lat' dir='ltr'>quicunque</span> <span class='ocrx_word' id='word_1_35' title='bbox 1685 716 2049 785; x_wconf 83' lang='lat' dir='ltr'>cujuscunque</span> <span class='ocrx_word' id='word_1_36' title='bbox 2108 713 2459 778; x_wconf 87' lang='lat' dir='ltr'>conditionis,</span> 
     </span>
     <span class='ocr_line' id='line_1_7' title="bbox 417 787 2459 859; baseline -0.002 -14"><span class='ocrx_word' id='word_1_37' title='bbox 417 797 609 855; x_wconf 82' lang='lat' dir='ltr'>statuS,</span> <span class='ocrx_word' id='word_1_38' title='bbox 668 790 971 859; x_wconf 73' lang='lat' dir='ltr'>dignitatis,</span> <span class='ocrx_word' id='word_1_39' title='bbox 1027 789 1238 843; x_wconf 82' lang='lat' dir='ltr'>etiamsi</span> <span class='ocrx_word' id='word_1_40' title='bbox 1298 789 1531 858; x_wconf 86' lang='lat' dir='ltr'>papalis,</span> <span class='ocrx_word' id='word_1_41' title='bbox 1592 789 1686 857; x_wconf 91' lang='lat' dir='ltr'>qui</span> <span class='ocrx_word' id='word_1_42' title='bbox 1743 790 2025 851; x_wconf 78' lang='lat' dir='ltr'>mandatiS,</span> <span class='ocrx_word' id='word_1_43' title='bbox 2085 787 2309 840; x_wconf 84' lang='lat' dir='ltr'>statutis</span> <span class='ocrx_word' id='word_1_44' title='bbox 2367 806 2459 840; x_wconf 89' lang='lat' dir='ltr'>seu</span> 
     </span>
     <span class='ocr_line' id='line_1_8' title="bbox 418 863 2462 934; baseline -0.002 -15"><span class='ocrx_word' id='word_1_45' title='bbox 418 865 871 927; x_wconf 83' lang='lat' dir='ltr'>ordinationibuS,</span> <span class='ocrx_word' id='word_1_46' title='bbox 910 868 1009 918; x_wconf 89' lang='lat' dir='ltr'>aut</span> <span class='ocrx_word' id='word_1_47' title='bbox 1044 864 1331 934; x_wconf 80' lang='lat' dir='ltr'>praeceptis</span> <span class='ocrx_word' id='word_1_48' title='bbox 1370 864 1530 933; x_wconf 88' lang='lat' dir='ltr'>hujus</span> <span class='ocrx_word' id='word_1_49' title='bbox 1570 882 1735 916; x_wconf 79' lang='lat' dir='ltr'>sacrae</span> <span class='ocrx_word' id='word_1_50' title='bbox 1761 864 1972 932; x_wconf 85' lang='lat' dir='ltr'>synodi,</span> <span class='ocrx_word' id='word_1_51' title='bbox 2015 866 2069 916; x_wconf 90' lang='lat' dir='ltr'>et</span> <span class='ocrx_word' id='word_1_52' title='bbox 2097 863 2462 931; x_wconf 88' lang='lat' dir='ltr'>cujuscunque</span> 
     </span>
     <span class='ocr_line' id='line_1_9' title="bbox 417 936 2461 1009; baseline -0.002 -17"><span class='ocrx_word' id='word_1_53' title='bbox 417 940 641 992; x_wconf 87' lang='lat' dir='ltr'>alterius</span> <span class='ocrx_word' id='word_1_54' title='bbox 683 939 911 991; x_wconf 87' lang='lat' dir='ltr'>Coneilii</span> <span class='ocrx_word' id='word_1_55' title='bbox 953 939 1220 1009; x_wconf 81' lang='lat' dir='ltr'>generalis</span> <span class='ocrx_word' id='word_1_56' title='bbox 1272 938 1515 1008; x_wconf 83' lang='lat' dir='ltr'>legitime</span> <span class='ocrx_word' id='word_1_57' title='bbox 1566 938 1906 1009; x_wconf 82' lang='lat' dir='ltr'>congregati,</span> <span class='ocrx_word' id='word_1_58' title='bbox 1960 956 2119 1007; x_wconf 89' lang='lat' dir='ltr'>super</span> <span class='ocrx_word' id='word_1_59' title='bbox 2170 936 2461 1005; x_wconf 73' lang='lat' dir='ltr'>praemissis</span> 
     </span>
     <span class='ocr_line' id='line_1_10' title="bbox 419 1011 2461 1082; baseline -0.002 -16"><span class='ocrx_word' id='word_1_60' title='bbox 419 1033 512 1066; x_wconf 89' lang='lat' dir='ltr'>seu</span> <span class='ocrx_word' id='word_1_61' title='bbox 551 1014 618 1065; x_wconf 84' lang='lat' dir='ltr'>ad</span> <span class='ocrx_word' id='word_1_62' title='bbox 657 1032 717 1065; x_wconf 89' lang='lat' dir='ltr'>ea</span> <span class='ocrx_word' id='word_1_63' title='bbox 755 1014 1159 1082; x_wconf 89' lang='lat' dir='ltr'>pertinentibus</span> <span class='ocrx_word' id='word_1_64' title='bbox 1199 1013 1358 1066; x_wconf 88' lang='lat' dir='ltr'>factis</span> <span class='ocrx_word' id='word_1_65' title='bbox 1397 1013 1481 1064; x_wconf 89' lang='lat' dir='ltr'>vel</span> <span class='ocrx_word' id='word_1_66' title='bbox 1519 1012 1776 1065; x_wconf 88' lang='lat' dir='ltr'>faciendis</span> <span class='ocrx_word' id='word_1_67' title='bbox 1817 1012 2031 1065; x_wconf 91' lang='lat' dir='ltr'>obedire</span> <span class='ocrx_word' id='word_1_68' title='bbox 2070 1011 2461 1064; x_wconf 73' lang='lat' dir='ltr'>contumaciter</span> 
     </span>
     <span class='ocr_line' id='line_1_11' title="bbox 417 1085 2461 1158; baseline -0.001 -18"><span class='ocrx_word' id='word_1_69' title='bbox 417 1088 818 1156; x_wconf 82' lang='lat' dir='ltr'>contempserit,</span> <span class='ocrx_word' id='word_1_70' title='bbox 860 1087 966 1140; x_wconf 88' lang='lat' dir='ltr'>nisi</span> <span class='ocrx_word' id='word_1_71' title='bbox 1004 1088 1312 1157; x_wconf 85' lang='lat' dir='ltr'>resipuerit,</span> <span class='ocrx_word' id='word_1_72' title='bbox 1354 1087 1636 1158; x_wconf 74' lang='lat' dir='ltr'>condignae</span> <span class='ocrx_word' id='word_1_73' title='bbox 1675 1086 2012 1156; x_wconf 76' lang='lat' dir='ltr'>poenitentiae</span> <span class='ocrx_word' id='word_1_74' title='bbox 2050 1085 2367 1154; x_wconf 87' lang='lat' dir='ltr'>subjiciatur</span> <span class='ocrx_word' id='word_1_75' title='bbox 2407 1089 2461 1138; x_wconf 85' lang='lat' dir='ltr'>et</span> 
     </span>
     <span class='ocr_line' id='line_1_12' title="bbox 415 1158 2458 1230; baseline -0.001 -16"><span class='ocrx_word' id='word_1_76' title='bbox 415 1162 591 1215; x_wconf 88' lang='lat' dir='ltr'>debite</span> <span class='ocrx_word' id='word_1_77' title='bbox 648 1162 926 1230; x_wconf 89' lang='lat' dir='ltr'>puniatur,</span> <span class='ocrx_word' id='word_1_78' title='bbox 980 1163 1142 1215; x_wconf 86' lang='lat' dir='ltr'>etiam</span> <span class='ocrx_word' id='word_1_79' title='bbox 1199 1163 1265 1214; x_wconf 89' lang='lat' dir='ltr'>ad</span> <span class='ocrx_word' id='word_1_80' title='bbox 1323 1161 1430 1213; x_wconf 91' lang='lat' dir='ltr'>alia</span> <span class='ocrx_word' id='word_1_81' title='bbox 1481 1161 1621 1228; x_wconf 82' lang='lat' dir='ltr'>juris</span> <span class='ocrx_word' id='word_1_82' title='bbox 1675 1160 1914 1213; x_wconf 85' lang='lat' dir='ltr'>subsidia</span> <span class='ocrx_word' id='word_1_83' title='bbox 1973 1159 2040 1228; x_wconf 91' lang='lat' dir='ltr'>(si</span> <span class='ocrx_word' id='word_1_84' title='bbox 2092 1178 2228 1228; x_wconf 91' lang='lat' dir='ltr'>opus</span> <span class='ocrx_word' id='word_1_85' title='bbox 2268 1158 2458 1227; x_wconf 82' lang='lat' dir='ltr'>fuerit)</span> 
     </span>
     <span class='ocr_line' id='line_1_13' title="bbox 416 1233 2460 1305; baseline -0.002 -17"><span class='ocrx_word' id='word_1_86' title='bbox 416 1237 792 1288; x_wconf 79' lang='lat' dir='ltr'>recurrendO.»</span> <span class='ocrx_word' id='word_1_87' title='bbox 875 1235 1093 1302; x_wconf 89' lang='lat' dir='ltr'>(Mansi,</span> <span class='ocrx_word' id='word_1_88' title='bbox 1134 1240 1265 1290; x_wconf 90' lang='lat' dir='ltr'>tom.</span> <span class='ocrx_word' id='word_1_89' title='bbox 1307 1235 1534 1288; x_wconf 93' lang='lat' dir='ltr'><strong>XXVII.</strong></span> <span class='ocrx_word' id='word_1_90' title='bbox 1576 1254 1699 1305; x_wconf 84' lang='lat' dir='ltr'>pag.</span> <span class='ocrx_word' id='word_1_91' title='bbox 1743 1235 1890 1304; x_wconf 83' lang='lat'>590.)</span> <span class='ocrx_word' id='word_1_92' title='bbox 1970 1235 2102 1288; x_wconf 91' lang='lat' dir='ltr'>Cum</span> <span class='ocrx_word' id='word_1_93' title='bbox 2140 1234 2198 1285; x_wconf 91' lang='lat' dir='ltr'>in</span> <span class='ocrx_word' id='word_1_94' title='bbox 2224 1233 2460 1286; x_wconf 89' lang='lat' dir='ltr'>sessione</span> 
     </span>
     <span class='ocr_line' id='line_1_14' title="bbox 414 1306 2460 1381; baseline -0.002 -19"><span class='ocrx_word' id='word_1_95' title='bbox 414 1311 479 1362; x_wconf 89' lang='lat' dir='ltr'>de</span> <span class='ocrx_word' id='word_1_96' title='bbox 517 1311 874 1364; x_wconf 78' lang='lat' dir='ltr'>dissolutione</span> <span class='ocrx_word' id='word_1_97' title='bbox 914 1311 1145 1364; x_wconf 89' lang='lat' dir='ltr'>Concilii</span> <span class='ocrx_word' id='word_1_98' title='bbox 1183 1310 1375 1381; x_wconf 79' lang='lat' dir='ltr'>Legati</span> <span class='ocrx_word' id='word_1_99' title='bbox 1412 1310 1556 1380; x_wconf 84' lang='lat' dir='ltr'>regis</span> <span class='ocrx_word' id='word_1_100' title='bbox 1596 1309 1840 1363; x_wconf 84' lang='lat' dir='ltr'>Poloniae</span> <span class='ocrx_word' id='word_1_101' title='bbox 1864 1309 2234 1378; x_wconf 82' lang='lat' dir='ltr'>postulassent</span> <span class='ocrx_word' id='word_1_102' title='bbox 2259 1327 2289 1359; x_wconf 90' lang='lat' dir='ltr'>a</span> <span class='ocrx_word' id='word_1_103' title='bbox 2314 1306 2460 1358; x_wconf 88' lang='lat' dir='ltr'>Mar-</span> 
     </span>
     <span class='ocr_line' id='line_1_15' title="bbox 415 1383 2461 1455; baseline -0.002 -17"><span class='ocrx_word' id='word_1_104' title='bbox 415 1385 533 1438; x_wconf 88' lang='lat' dir='ltr'>tino</span> <span class='ocrx_word' id='word_1_105' title='bbox 574 1385 660 1448; x_wconf 92' lang='lat' dir='ltr'>V.,</span> <span class='ocrx_word' id='word_1_106' title='bbox 702 1388 763 1438; x_wconf 91' lang='lat' dir='ltr'>ut</span> <span class='ocrx_word' id='word_1_107' title='bbox 802 1385 1017 1438; x_wconf 86' lang='lat' dir='ltr'>libellus</span> <span class='ocrx_word' id='word_1_108' title='bbox 1057 1386 1333 1455; x_wconf 86' lang='lat' dir='ltr'>cujusdam</span> <span class='ocrx_word' id='word_1_109' title='bbox 1371 1385 1559 1438; x_wconf 87' lang='lat' dir='ltr'>fratris</span> <span class='ocrx_word' id='word_1_110' title='bbox 1598 1383 1827 1437; x_wconf 88' lang='lat' dir='ltr'>Joannis</span> <span class='ocrx_word' id='word_1_111' title='bbox 1861 1383 2263 1451; x_wconf 86' lang='lat' dir='ltr'>Falckemberg,</span> <span class='ocrx_word' id='word_1_112' title='bbox 2304 1399 2461 1451; x_wconf 90' lang='lat' dir='ltr'>quem</span> 
     </span>
     <span class='ocr_line' id='line_1_16' title="bbox 417 1455 2460 1529; baseline -0.001 -18"><span class='ocrx_word' id='word_1_113' title='bbox 417 1460 666 1512; x_wconf 87' lang='lat' dir='ltr'>dicebant</span> <span class='ocrx_word' id='word_1_114' title='bbox 703 1479 800 1528; x_wconf 88' lang='lat' dir='ltr'>per</span> <span class='ocrx_word' id='word_1_115' title='bbox 833 1461 1040 1529; x_wconf 89' lang='lat' dir='ltr'>judices</span> <span class='ocrx_word' id='word_1_116' title='bbox 1080 1461 1138 1512; x_wconf 92' lang='lat' dir='ltr'>in</span> <span class='ocrx_word' id='word_1_117' title='bbox 1177 1479 1334 1513; x_wconf 87' lang='lat' dir='ltr'>causa</span> <span class='ocrx_word' id='word_1_118' title='bbox 1373 1459 1499 1511; x_wconf 88' lang='lat' dir='ltr'>fidei</span> <span class='ocrx_word' id='word_1_119' title='bbox 1537 1478 1568 1511; x_wconf 90' lang='lat' dir='ltr'>a</span> <span class='ocrx_word' id='word_1_120' title='bbox 1607 1477 1758 1511; x_wconf 86' lang='lat' dir='ltr'>sacro</span> <span class='ocrx_word' id='word_1_121' title='bbox 1787 1457 2192 1511; x_wconf 89' lang='lat' dir='ltr'>Constantiensi</span> <span class='ocrx_word' id='word_1_122' title='bbox 2219 1455 2460 1508; x_wconf 82' lang='lat' dir='ltr'>Concilio</span> 
     </span>
     <span class='ocr_line' id='line_1_17' title="bbox 415 1530 2461 1603; baseline -0.002 -17"><span class='ocrx_word' id='word_1_123' title='bbox 415 1534 721 1603; x_wconf 78' lang='lat' dir='ltr'>deputatos,</span> <span class='ocrx_word' id='word_1_124' title='bbox 762 1534 865 1587; x_wconf 88' lang='lat' dir='ltr'>rite</span> <span class='ocrx_word' id='word_1_125' title='bbox 905 1539 960 1588; x_wconf 91' lang='lat' dir='ltr'>et</span> <span class='ocrx_word' id='word_1_126' title='bbox 998 1534 1311 1588; x_wconf 86' lang='lat' dir='ltr'>solemniter</span> <span class='ocrx_word' id='word_1_127' title='bbox 1337 1534 1716 1596; x_wconf 83' lang='lat' dir='ltr'>examinatum,</span> <span class='ocrx_word' id='word_1_128' title='bbox 1758 1536 1812 1586; x_wconf 91' lang='lat' dir='ltr'>et</span> <span class='ocrx_word' id='word_1_129' title='bbox 1839 1536 1902 1585; x_wconf 90' lang='lat' dir='ltr'>ut</span> <span class='ocrx_word' id='word_1_130' title='bbox 1927 1531 2287 1584; x_wconf 80' lang='lat' dir='ltr'>haereticalem</span> <span class='ocrx_word' id='word_1_131' title='bbox 2313 1530 2461 1582; x_wconf 85' lang='lat' dir='ltr'>(lam-</span> 
     </span>
     <span class='ocr_line' id='line_1_18' title="bbox 416 1604 2462 1678; baseline -0.002 -18"><span class='ocrx_word' id='word_1_132' title='bbox 416 1613 633 1671; x_wconf 79' lang='lat' dir='ltr'>natum:</span> <span class='ocrx_word' id='word_1_133' title='bbox 674 1627 772 1661; x_wconf 90' lang='lat' dir='ltr'>nec</span> <span class='ocrx_word' id='word_1_134' title='bbox 809 1628 921 1662; x_wconf 91' lang='lat' dir='ltr'>non</span> <span class='ocrx_word' id='word_1_135' title='bbox 961 1610 1124 1662; x_wconf 87' lang='lat' dir='ltr'>etiam</span> <span class='ocrx_word' id='word_1_136' title='bbox 1163 1628 1258 1678; x_wconf 80' lang='lat' dir='ltr'>per</span> <span class='ocrx_word' id='word_1_137' title='bbox 1313 1627 1498 1662; x_wconf 86' lang='lat' dir='ltr'>onmes</span> <span class='ocrx_word' id='word_1_138' title='bbox 1536 1608 1786 1660; x_wconf 90' lang='lat' dir='ltr'>nationes</span> <span class='ocrx_word' id='word_1_139' title='bbox 1825 1607 2062 1676; x_wconf 88' lang='lat' dir='ltr'>ejusdem</span> <span class='ocrx_word' id='word_1_140' title='bbox 2101 1604 2346 1668; x_wconf 86' lang='lat' dir='ltr'>Concilii,</span> <span class='ocrx_word' id='word_1_141' title='bbox 2401 1623 2462 1656; x_wconf 90' lang='lat' dir='ltr'>ac</span> 
     </span>
     <span class='ocr_line' id='line_1_19' title="bbox 415 1679 2461 1754; baseline -0.003 -18"><span class='ocrx_word' id='word_1_142' title='bbox 415 1702 626 1736; x_wconf 90' lang='lat' dir='ltr'>sacrum</span> <span class='ocrx_word' id='word_1_143' title='bbox 677 1683 962 1754; x_wconf 83' lang='lat' dir='ltr'>collegium</span> <span class='ocrx_word' id='word_1_144' title='bbox 1005 1683 1056 1736; x_wconf 80' lang='lat' dir='ltr'>S.</span> <span class='ocrx_word' id='word_1_145' title='bbox 1099 1683 1162 1736; x_wconf 83' lang='lat' dir='ltr'>R.</span> <span class='ocrx_word' id='word_1_146' title='bbox 1205 1683 1266 1736; x_wconf 87' lang='lat' dir='ltr'>E.</span> <span class='ocrx_word' id='word_1_147' title='bbox 1309 1683 1675 1736; x_wconf 88' lang='lat' dir='ltr'>Cardinalium</span> <span class='ocrx_word' id='word_1_148' title='bbox 1716 1682 1919 1734; x_wconf 90' lang='lat' dir='ltr'>dictum</span> <span class='ocrx_word' id='word_1_149' title='bbox 1967 1680 2269 1734; x_wconf 83' lang='lat' dir='ltr'>Concilium</span> <span class='ocrx_word' id='word_1_150' title='bbox 2320 1679 2461 1731; x_wconf 88' lang='lat' dir='ltr'>inte-</span> 
     </span>
     <span class='ocr_line' id='line_1_20' title="bbox 416 1755 2463 1828; baseline -0.001 -19"><span class='ocrx_word' id='word_1_151' title='bbox 416 1757 695 1828; x_wconf 79' lang='lat' dir='ltr'>grantium</span> <span class='ocrx_word' id='word_1_152' title='bbox 754 1762 808 1811; x_wconf 91' lang='lat' dir='ltr'>et</span> <span class='ocrx_word' id='word_1_153' title='bbox 874 1758 1327 1811; x_wconf 87' lang='lat' dir='ltr'>constituentium</span> <span class='ocrx_word' id='word_1_154' title='bbox 1393 1757 1707 1809; x_wconf 90' lang='lat' dir='ltr'>conclusum</span> <span class='ocrx_word' id='word_1_155' title='bbox 1774 1759 1829 1808; x_wconf 89' lang='lat' dir='ltr'>et</span> <span class='ocrx_word' id='word_1_156' title='bbox 1893 1755 2230 1816; x_wconf 80' lang='lat' dir='ltr'>ordinatum,</span> <span class='ocrx_word' id='word_1_157' title='bbox 2296 1756 2463 1822; x_wconf 87' lang='lat' dir='ltr'>prout</span> 
     </span>
     <span class='ocr_line' id='line_1_21' title="bbox 416 1827 2462 1902; baseline -0.002 -19"><span class='ocrx_word' id='word_1_158' title='bbox 416 1831 744 1884; x_wconf 88' lang='lat' dir='ltr'>authenticis</span> <span class='ocrx_word' id='word_1_159' title='bbox 785 1833 1072 1902; x_wconf 86' lang='lat' dir='ltr'>scripturis</span> <span class='ocrx_word' id='word_1_160' title='bbox 1113 1833 1407 1900; x_wconf 83' lang='lat' dir='ltr'>probatur:</span> <span class='ocrx_word' id='word_1_161' title='bbox 1460 1834 1719 1899; x_wconf 89' lang='lat' dir='ltr'>tanquam</span> <span class='ocrx_word' id='word_1_162' title='bbox 1769 1830 1998 1883; x_wconf 72' lang='lat' dir='ltr'>haereses</span> <span class='ocrx_word' id='word_1_163' title='bbox 2051 1833 2106 1882; x_wconf 89' lang='lat' dir='ltr'>et</span> <span class='ocrx_word' id='word_1_164' title='bbox 2145 1829 2252 1880; x_wconf 84' lang='lat' dir='ltr'>alia</span> <span class='ocrx_word' id='word_1_165' title='bbox 2289 1827 2462 1879; x_wconf 87' lang='lat' dir='ltr'>multa</span> 
     </span>
     <span class='ocr_line' id='line_1_22' title="bbox 418 1902 2462 1975; baseline -0.002 -17"><span class='ocrx_word' id='word_1_166' title='bbox 418 1910 472 1959; x_wconf 92' lang='lat' dir='ltr'>et</span> <span class='ocrx_word' id='word_1_167' title='bbox 511 1906 665 1975; x_wconf 88' lang='lat' dir='ltr'>quasi</span> <span class='ocrx_word' id='word_1_168' title='bbox 715 1906 935 1960; x_wconf 86' lang='lat' dir='ltr'>infinita</span> <span class='ocrx_word' id='word_1_169' title='bbox 987 1908 1129 1959; x_wconf 90' lang='lat' dir='ltr'>mala</span> <span class='ocrx_word' id='word_1_170' title='bbox 1178 1910 1232 1959; x_wconf 91' lang='lat' dir='ltr'>et</span> <span class='ocrx_word' id='word_1_171' title='bbox 1283 1924 1493 1958; x_wconf 87' lang='lat' dir='ltr'>errores</span> <span class='ocrx_word' id='word_1_172' title='bbox 1545 1904 1829 1957; x_wconf 86' lang='lat' dir='ltr'>continens</span> <span class='ocrx_word' id='word_1_173' title='bbox 1875 1905 1934 1956; x_wconf 91' lang='lat' dir='ltr'>in</span> <span class='ocrx_word' id='word_1_174' title='bbox 1973 1904 2210 1956; x_wconf 89' lang='lat' dir='ltr'>sessione</span> <span class='ocrx_word' id='word_1_175' title='bbox 2249 1902 2462 1970; x_wconf 88' lang='lat' dir='ltr'>publica</span> 
     </span>
     <span class='ocr_line' id='line_1_23' title="bbox 418 1976 2460 2050; baseline -0.001 -19"><span class='ocrx_word' id='word_1_176' title='bbox 418 1999 512 2050; x_wconf 88' lang='lat' dir='ltr'>per</span> <span class='ocrx_word' id='word_1_177' title='bbox 565 1999 605 2032; x_wconf 92' lang='lat' dir='ltr'>s.</span> <span class='ocrx_word' id='word_1_178' title='bbox 662 1979 964 2034; x_wconf 84' lang='lat' dir='ltr'>Concilium</span> <span class='ocrx_word' id='word_1_179' title='bbox 1016 2000 1136 2034; x_wconf 87' lang='lat' dir='ltr'>cum</span> <span class='ocrx_word' id='word_1_180' title='bbox 1185 1981 1479 2033; x_wconf 84' lang='lat' dir='ltr'>haeresibus</span> <span class='ocrx_word' id='word_1_181' title='bbox 1526 1983 1578 2032; x_wconf 87' lang='lat' dir='ltr'>et</span> <span class='ocrx_word' id='word_1_182' title='bbox 1633 1979 1909 2031; x_wconf 86' lang='lat' dir='ltr'>erroribus</span> <span class='ocrx_word' id='word_1_183' title='bbox 1958 1978 2018 2030; x_wconf 91' lang='lat' dir='ltr'>in</span> <span class='ocrx_word' id='word_1_184' title='bbox 2072 1997 2133 2030; x_wconf 93' lang='lat' dir='ltr'>eo</span> <span class='ocrx_word' id='word_1_185' title='bbox 2189 1976 2460 2029; x_wconf 88' lang='lat' dir='ltr'>contentis</span> 
     </span>
     <span class='ocr_line' id='line_1_24' title="bbox 418 2050 2458 2125; baseline -0.003 -18"><span class='ocrx_word' id='word_1_186' title='bbox 418 2054 633 2125; x_wconf 88' lang='lat' dir='ltr'>publice</span> <span class='ocrx_word' id='word_1_187' title='bbox 672 2055 1051 2109; x_wconf 86' lang='lat' dir='ltr'>damnaretur:</span> <span class='ocrx_word' id='word_1_188' title='bbox 1112 2054 1495 2108; x_wconf 81' lang='lat' dir='ltr'>Sanctissimus</span> <span class='ocrx_word' id='word_1_189' title='bbox 1537 2053 1677 2122; x_wconf 84' lang='lat' dir='ltr'>Papa</span> <span class='ocrx_word' id='word_1_190' title='bbox 1718 2052 1988 2106; x_wconf 87' lang='lat' dir='ltr'>Martinus</span> <span class='ocrx_word' id='word_1_191' title='bbox 2028 2051 2094 2104; x_wconf 91' lang='lat' dir='ltr'>V.</span> <span class='ocrx_word' id='word_1_192' title='bbox 2147 2050 2458 2119; x_wconf 88' lang='lat' dir='ltr'>respondit:</span> 
     </span>
     <span class='ocr_line' id='line_1_25' title="bbox 420 2125 2462 2200; baseline -0.002 -20"><span class='ocrx_word' id='word_1_193' title='bbox 420 2128 638 2196; x_wconf 84' lang='lat' dir='ltr'>(Mansi,</span> <span class='ocrx_word' id='word_1_194' title='bbox 679 2133 809 2182; x_wconf 91' lang='lat' dir='ltr'>tom.</span> <span class='ocrx_word' id='word_1_195' title='bbox 852 2130 1099 2194; x_wconf 54' lang='lat' dir='ltr'>XXVII,</span> <span class='ocrx_word' id='word_1_196' title='bbox 1140 2148 1262 2200; x_wconf 83' lang='lat' dir='ltr'>pag.</span> <span class='ocrx_word' id='word_1_197' title='bbox 1313 2129 1472 2198; x_wconf 73' lang='lat'>1201)</span> <span class='ocrx_word' id='word_1_198' title='bbox 1517 2127 1704 2190; x_wconf 86' lang='lat' dir='ltr'>«Quod</span> <span class='ocrx_word' id='word_1_199' title='bbox 1744 2127 1925 2180; x_wconf 85' lang='lat' dir='ltr'>onmia</span> <span class='ocrx_word' id='word_1_200' title='bbox 1965 2131 2020 2179; x_wconf 92' lang='lat' dir='ltr'>et</span> <span class='ocrx_word' id='word_1_201' title='bbox 2045 2126 2260 2195; x_wconf 76' lang='lat' dir='ltr'>singula</span> <span class='ocrx_word' id='word_1_202' title='bbox 2285 2125 2462 2176; x_wconf 82' lang='lat' dir='ltr'>deter-</span> 
     </span>
     <span class='ocr_line' id='line_1_26' title="bbox 419 2201 2462 2270; baseline -0.002 -15"><span class='ocrx_word' id='word_1_203' title='bbox 419 2203 626 2256; x_wconf 87' lang='lat' dir='ltr'>minata</span> <span class='ocrx_word' id='word_1_204' title='bbox 664 2205 919 2257; x_wconf 88' lang='lat' dir='ltr'>conclusa</span> <span class='ocrx_word' id='word_1_205' title='bbox 956 2209 1008 2258; x_wconf 86' lang='lat' dir='ltr'>et</span> <span class='ocrx_word' id='word_1_206' title='bbox 1049 2205 1266 2257; x_wconf 87' lang='lat' dir='ltr'>decreta</span> <span class='ocrx_word' id='word_1_207' title='bbox 1304 2203 1363 2255; x_wconf 90' lang='lat' dir='ltr'>in</span> <span class='ocrx_word' id='word_1_208' title='bbox 1401 2201 1628 2256; x_wconf 88' lang='lat' dir='ltr'>materia</span> <span class='ocrx_word' id='word_1_209' title='bbox 1666 2202 1789 2254; x_wconf 91' lang='lat' dir='ltr'>fidei</span> <span class='ocrx_word' id='word_1_210' title='bbox 1829 2220 1924 2270; x_wconf 89' lang='lat' dir='ltr'>per</span> <span class='ocrx_word' id='word_1_211' title='bbox 1976 2219 2213 2269; x_wconf 79' lang='lat' dir='ltr'>praesens</span> <span class='ocrx_word' id='word_1_212' title='bbox 2253 2217 2462 2252; x_wconf 90' lang='lat' dir='ltr'>sacrum</span> 
     </span>
     <span class='ocr_line' id='line_1_27' title="bbox 420 2273 2462 2349; baseline -0.002 -20"><span class='ocrx_word' id='word_1_213' title='bbox 420 2277 722 2330; x_wconf 86' lang='lat' dir='ltr'>Concilium</span> <span class='ocrx_word' id='word_1_214' title='bbox 760 2280 1011 2349; x_wconf 84' lang='lat' dir='ltr'>generale</span> <span class='ocrx_word' id='word_1_215' title='bbox 1034 2278 1451 2332; x_wconf 88' lang='lat' dir='ltr'>Constantiense</span> <span class='ocrx_word' id='word_1_216' title='bbox 1491 2276 1875 2339; x_wconf 88' lang='lat' dir='ltr'>conciliariter,</span> <span class='ocrx_word' id='word_1_217' title='bbox 1915 2281 2099 2328; x_wconf 91' lang='lat' dir='ltr'>tenere</span> <span class='ocrx_word' id='word_1_218' title='bbox 2139 2277 2193 2327; x_wconf 91' lang='lat' dir='ltr'>et</span> <span class='ocrx_word' id='word_1_219' title='bbox 2232 2273 2462 2325; x_wconf 88' lang='lat' dir='ltr'>inviola-</span> 
     </span>
     <span class='ocr_line' id='line_1_28' title="bbox 422 2347 2462 2421; baseline -0.002 -18"><span class='ocrx_word' id='word_1_220' title='bbox 422 2352 607 2404; x_wconf 88' lang='lat' dir='ltr'>biliter</span> <span class='ocrx_word' id='word_1_221' title='bbox 647 2353 932 2406; x_wconf 88' lang='lat' dir='ltr'>observare</span> <span class='ocrx_word' id='word_1_222' title='bbox 970 2354 1202 2417; x_wconf 88' lang='lat' dir='ltr'>volebat,</span> <span class='ocrx_word' id='word_1_223' title='bbox 1243 2356 1298 2405; x_wconf 88' lang='lat' dir='ltr'>et</span> <span class='ocrx_word' id='word_1_224' title='bbox 1337 2370 1615 2421; x_wconf 87' lang='lat' dir='ltr'>nunquam</span> <span class='ocrx_word' id='word_1_225' title='bbox 1655 2350 2033 2403; x_wconf 88' lang='lat' dir='ltr'>contravenire</span> <span class='ocrx_word' id='word_1_226' title='bbox 2060 2367 2276 2418; x_wconf 90' lang='lat' dir='ltr'>quoquo</span> <span class='ocrx_word' id='word_1_227' title='bbox 2303 2347 2462 2399; x_wconf 90' lang='lat' dir='ltr'>modo</span> 
     </span>
     <span class='ocr_line' id='line_1_29' title="bbox 424 2421 2464 2495; baseline -0.001 -19"><span class='ocrx_word' id='word_1_228' title='bbox 424 2426 648 2494; x_wconf 88' lang='lat' dir='ltr'>ipsaque</span> <span class='ocrx_word' id='word_1_229' title='bbox 688 2428 765 2480; x_wconf 88' lang='lat' dir='ltr'>sic</span> <span class='ocrx_word' id='word_1_230' title='bbox 805 2428 1169 2480; x_wconf 86' lang='lat' dir='ltr'>conciliariter</span> <span class='ocrx_word' id='word_1_231' title='bbox 1209 2429 1352 2480; x_wconf 86' lang='lat' dir='ltr'>facta</span> <span class='ocrx_word' id='word_1_232' title='bbox 1390 2426 1659 2495; x_wconf 86' lang='lat' dir='ltr'>approbat</span> <span class='ocrx_word' id='word_1_233' title='bbox 1696 2428 1750 2478; x_wconf 91' lang='lat' dir='ltr'>et</span> <span class='ocrx_word' id='word_1_234' title='bbox 1775 2424 2030 2487; x_wconf 88' lang='lat' dir='ltr'>ratificat,</span> <span class='ocrx_word' id='word_1_235' title='bbox 2072 2427 2126 2476; x_wconf 92' lang='lat' dir='ltr'>et</span> <span class='ocrx_word' id='word_1_236' title='bbox 2163 2441 2273 2475; x_wconf 90' lang='lat' dir='ltr'>non</span> <span class='ocrx_word' id='word_1_237' title='bbox 2305 2421 2464 2474; x_wconf 87' lang='lat' dir='ltr'>aliter</span> 
     </span>
     <span class='ocr_line' id='line_1_30' title="bbox 422 2495 2465 2569; baseline -0.002 -18"><span class='ocrx_word' id='word_1_238' title='bbox 422 2517 520 2551; x_wconf 89' lang='lat' dir='ltr'>nec</span> <span class='ocrx_word' id='word_1_239' title='bbox 558 2500 665 2551; x_wconf 90' lang='lat' dir='ltr'>alio</span> <span class='ocrx_word' id='word_1_240' title='bbox 706 2502 881 2554; x_wconf 90' lang='lat' dir='ltr'>modo.</span> <span class='ocrx_word' id='word_1_241' title='bbox 961 2502 1117 2568; x_wconf 87' lang='lat' dir='ltr'>(Ibid.</span> <span class='ocrx_word' id='word_1_242' title='bbox 1159 2519 1279 2569; x_wconf 77' lang='lat' dir='ltr'>pag.</span> <span class='ocrx_word' id='word_1_243' title='bbox 1330 2500 1509 2568; x_wconf 87' lang='lat'>1201.)</span> <span class='ocrx_word' id='word_1_244' title='bbox 1587 2499 1734 2550; x_wconf 89' lang='lat' dir='ltr'>Idem</span> <span class='ocrx_word' id='word_1_245' title='bbox 1772 2498 2043 2551; x_wconf 86' lang='lat' dir='ltr'>Martinus</span> <span class='ocrx_word' id='word_1_246' title='bbox 2083 2497 2148 2551; x_wconf 92' lang='lat' dir='ltr'>V.</span> <span class='ocrx_word' id='word_1_247' title='bbox 2190 2497 2243 2548; x_wconf 92' lang='lat' dir='ltr'>in</span> <span class='ocrx_word' id='word_1_248' title='bbox 2273 2495 2465 2564; x_wconf 91' lang='lat' dir='ltr'>Diplo-</span> 
     </span>
     <span class='ocr_line' id='line_1_31' title="bbox 423 2569 2465 2644; baseline -0.002 -20"><span class='ocrx_word' id='word_1_249' title='bbox 423 2576 566 2625; x_wconf 86' lang='lat' dir='ltr'>mate</span> <span class='ocrx_word' id='word_1_250' title='bbox 606 2573 730 2626; x_wconf 89' lang='lat' dir='ltr'>dato</span> <span class='ocrx_word' id='word_1_251' title='bbox 770 2575 828 2626; x_wconf 89' lang='lat' dir='ltr'>in</span> <span class='ocrx_word' id='word_1_252' title='bbox 867 2575 985 2644; x_wconf 90' lang='lat' dir='ltr'>ipso</span> <span class='ocrx_word' id='word_1_253' title='bbox 1027 2575 1271 2627; x_wconf 90' lang='lat' dir='ltr'>Concilio</span> <span class='ocrx_word' id='word_1_254' title='bbox 1314 2572 1720 2626; x_wconf 88' lang='lat' dir='ltr'>Constantiensi</span> <span class='ocrx_word' id='word_1_255' title='bbox 1760 2576 1952 2624; x_wconf 89' lang='lat' dir='ltr'>octavo</span> <span class='ocrx_word' id='word_1_256' title='bbox 1992 2571 2250 2624; x_wconf 87' lang='lat' dir='ltr'>Calendas</span> <span class='ocrx_word' id='word_1_257' title='bbox 2279 2569 2465 2622; x_wconf 89' lang='lat' dir='ltr'>Martii</span> 
     </span>
     <span class='ocr_line' id='line_1_32' title="bbox 430 2645 2465 2718; baseline -0.002 -18"><span class='ocrx_word' id='word_1_258' title='bbox 430 2651 569 2700; x_wconf 83' lang='lat'>1428</span> <span class='ocrx_word' id='word_1_259' title='bbox 608 2647 751 2700; x_wconf 88' lang='lat' dir='ltr'>inter</span> <span class='ocrx_word' id='word_1_260' title='bbox 789 2650 1066 2712; x_wconf 82' lang='lat' dir='ltr'>articulOS,</span> <span class='ocrx_word' id='word_1_261' title='bbox 1105 2648 1170 2700; x_wconf 88' lang='lat' dir='ltr'>de</span> <span class='ocrx_word' id='word_1_262' title='bbox 1209 2647 1403 2718; x_wconf 89' lang='lat' dir='ltr'>quibus</span> <span class='ocrx_word' id='word_1_263' title='bbox 1443 2649 1719 2714; x_wconf 89' lang='lat' dir='ltr'>suspectos</span> <span class='ocrx_word' id='word_1_264' title='bbox 1770 2646 1834 2697; x_wconf 90' lang='lat' dir='ltr'>de</span> <span class='ocrx_word' id='word_1_265' title='bbox 1883 2645 2073 2697; x_wconf 75' lang='lat' dir='ltr'>haeresi</span> <span class='ocrx_word' id='word_1_266' title='bbox 2123 2645 2465 2714; x_wconf 83' lang='lat' dir='ltr'>interrogare</span> 
     </span>
     <span class='ocr_line' id='line_1_33' title="bbox 419 2723 743 2791; baseline 0 -17"><span class='ocrx_word' id='word_1_267' title='bbox 419 2723 592 2791; x_wconf 89' lang='lat' dir='ltr'>jubet,</span> <span class='ocrx_word' id='word_1_268' title='bbox 634 2725 743 2774; x_wconf 90' lang='lat' dir='ltr'>est:</span> 
     </span>
    </p>

    <p class='ocr_par' dir='ltr' id='par_1_5' title="bbox 424 2791 2466 2998">
     <span class='ocr_line' id='line_1_34' title="bbox 577 2791 2465 2862; baseline -0.004 -13"><span class='ocrx_word' id='word_1_269' title='bbox 577 2794 807 2849; x_wconf 80' lang='lat' dir='ltr'>«Utrum</span> <span class='ocrx_word' id='word_1_270' title='bbox 847 2796 1047 2859; x_wconf 87' lang='lat' dir='ltr'>credat,</span> <span class='ocrx_word' id='word_1_271' title='bbox 1086 2799 1270 2848; x_wconf 87' lang='lat' dir='ltr'>teneat</span> <span class='ocrx_word' id='word_1_272' title='bbox 1308 2799 1363 2847; x_wconf 86' lang='lat' dir='ltr'>et</span> <span class='ocrx_word' id='word_1_273' title='bbox 1400 2797 1620 2855; x_wconf 84' lang='lat' dir='ltr'>asserat,</span> <span class='ocrx_word' id='word_1_274' title='bbox 1663 2793 1805 2862; x_wconf 88' lang='lat' dir='ltr'>qnod</span> <span class='ocrx_word' id='word_1_275' title='bbox 1845 2792 2124 2861; x_wconf 90' lang='lat' dir='ltr'>quodlibet</span> <span class='ocrx_word' id='word_1_276' title='bbox 2164 2791 2465 2844; x_wconf 87' lang='lat' dir='ltr'>Concilium</span> 
     </span>
     <span class='ocr_line' id='line_1_35' title="bbox 424 2865 2466 2941; baseline -0.003 -18"><span class='ocrx_word' id='word_1_277' title='bbox 424 2870 676 2941; x_wconf 82' lang='lat' dir='ltr'>generale</span> <span class='ocrx_word' id='word_1_278' title='bbox 739 2876 794 2925; x_wconf 88' lang='lat' dir='ltr'>et</span> <span class='ocrx_word' id='word_1_279' title='bbox 843 2871 1006 2924; x_wconf 84' lang='lat' dir='ltr'>etia-m</span> <span class='ocrx_word' id='word_1_280' title='bbox 1059 2869 1474 2924; x_wconf 89' lang='lat' dir='ltr'>Constantiense</span> <span class='ocrx_word' id='word_1_281' title='bbox 1533 2867 1888 2920; x_wconf 88' lang='lat' dir='ltr'>universalem</span> <span class='ocrx_word' id='word_1_282' title='bbox 1935 2865 2228 2919; x_wconf 85' lang='lat' dir='ltr'>Ecclesiam</span> <span class='ocrx_word' id='word_1_283' title='bbox 2267 2883 2466 2933; x_wconf 75' lang='lat' dir='ltr'>reprae-</span> 
     </span>
     <span class='ocr_line' id='line_1_36' title="bbox 427 2947 678 2998; baseline -0.004 0"><span class='ocrx_word' id='word_1_284' title='bbox 427 2947 678 2998; x_wconf 82' lang='lat' dir='ltr'>sentet‘?»</span> 
     </span>
    </p>

    <p class='ocr_par' dir='ltr' id='par_1_6' title="bbox 428 3012 2466 3236">
     <span class='ocr_line' id='line_1_37' title="bbox 579 3012 2466 3088; baseline -0.004 -18"><span class='ocrx_word' id='word_1_285' title='bbox 579 3018 750 3072; x_wconf 82' lang='lat' dir='ltr'>«Item</span> <span class='ocrx_word' id='word_1_286' title='bbox 789 3021 973 3072; x_wconf 90' lang='lat' dir='ltr'>utrum</span> <span class='ocrx_word' id='word_1_287' title='bbox 1022 3019 1222 3082; x_wconf 89' lang='lat' dir='ltr'>credat,</span> <span class='ocrx_word' id='word_1_288' title='bbox 1275 3017 1419 3088; x_wconf 91' lang='lat' dir='ltr'>quod</span> <span class='ocrx_word' id='word_1_289' title='bbox 1470 3036 1609 3086; x_wconf 86' lang='lat' dir='ltr'>papa</span> <span class='ocrx_word' id='word_1_290' title='bbox 1655 3015 1908 3069; x_wconf 86' lang='lat' dir='ltr'>canonice</span> <span class='ocrx_word' id='word_1_291' title='bbox 1961 3014 2179 3076; x_wconf 81' lang='lat' dir='ltr'>electuS,</span> <span class='ocrx_word' id='word_1_292' title='bbox 2232 3012 2326 3081; x_wconf 89' lang='lat' dir='ltr'>qui</span> <span class='ocrx_word' id='word_1_293' title='bbox 2366 3030 2466 3081; x_wconf 90' lang='lat' dir='ltr'>pro</span> 
     </span>
     <span class='ocr_line' id='line_1_38' title="bbox 428 3084 2464 3163; baseline -0.003 -18"><span class='ocrx_word' id='word_1_294' title='bbox 428 3097 672 3162; x_wconf 85' lang='lat' dir='ltr'>tempore</span> <span class='ocrx_word' id='word_1_295' title='bbox 722 3094 889 3146; x_wconf 84' lang='lat' dir='ltr'>fuerit</span> <span class='ocrx_word' id='word_1_296' title='bbox 940 3095 1053 3163; x_wconf 89' lang='lat' dir='ltr'>ejus</span> <span class='ocrx_word' id='word_1_297' title='bbox 1102 3093 1321 3146; x_wconf 89' lang='lat' dir='ltr'>nomine</span> <span class='ocrx_word' id='word_1_298' title='bbox 1371 3092 1592 3160; x_wconf 88' lang='lat' dir='ltr'>proprie</span> <span class='ocrx_word' id='word_1_299' title='bbox 1642 3108 1912 3159; x_wconf 84' lang='lat' dir='ltr'>expreSSO,</span> <span class='ocrx_word' id='word_1_300' title='bbox 1964 3089 2038 3141; x_wconf 92' lang='lat' dir='ltr'>sit</span> <span class='ocrx_word' id='word_1_301' title='bbox 2089 3105 2361 3140; x_wconf 87' lang='lat' dir='ltr'>successor</span> <span class='ocrx_word' id='word_1_302' title='bbox 2412 3084 2464 3138; x_wconf 83' lang='lat' dir='ltr'>S.</span> 
     </span>
     <span class='ocr_line' id='line_1_39' title="bbox 431 3162 2239 3236; baseline -0.004 -18"><span class='ocrx_word' id='word_1_303' title='bbox 431 3166 598 3228; x_wconf 87' lang='lat' dir='ltr'>Petri,</span> <span class='ocrx_word' id='word_1_304' title='bbox 639 3166 840 3219; x_wconf 87' lang='lat' dir='ltr'>habens</span> <span class='ocrx_word' id='word_1_305' title='bbox 879 3186 1183 3236; x_wconf 80' lang='lat' dir='ltr'>supremam</span> <span class='ocrx_word' id='word_1_306' title='bbox 1221 3165 1603 3220; x_wconf 84' lang='lat' dir='ltr'>auctoritatem</span> <span class='ocrx_word' id='word_1_307' title='bbox 1642 3164 1699 3216; x_wconf 91' lang='lat' dir='ltr'>in</span> <span class='ocrx_word' id='word_1_308' title='bbox 1736 3163 1974 3216; x_wconf 81' lang='lat' dir='ltr'>Ecclesia</span> <span class='ocrx_word' id='word_1_309' title='bbox 2011 3162 2239 3229; x_wconf 73' lang='lat' dir='ltr'>‚Dei‘?»¹)</span> 
     </span>
    </p>

    <p class='ocr_par' dir='ltr' id='par_1_7' title="bbox 431 3237 2468 3532">
     <span class='ocr_line' id='line_1_40' title="bbox 576 3237 2466 3295; baseline -0.003 -4"><span class='ocrx_word' id='word_1_310' title='bbox 576 3240 643 3292; x_wconf 94' lang='lat' dir='ltr'>In</span> <span class='ocrx_word' id='word_1_311' title='bbox 682 3241 919 3294; x_wconf 90' lang='lat' dir='ltr'>sessione</span> <span class='ocrx_word' id='word_1_312' title='bbox 970 3242 1121 3294; x_wconf 90' lang='lat' dir='ltr'><strong>VIII.</strong></span> <span class='ocrx_word' id='word_1_313' title='bbox 1176 3242 1320 3295; x_wconf 89' lang='lat' dir='ltr'>inter</span> <span class='ocrx_word' id='word_1_314' title='bbox 1373 3258 1583 3292; x_wconf 82' lang='lat' dir='ltr'>errores</span> <span class='ocrx_word' id='word_1_315' title='bbox 1635 3237 1850 3290; x_wconf 86' lang='lat' dir='ltr'>Wiclefi</span> <span class='ocrx_word' id='word_1_316' title='bbox 1906 3237 2192 3289; x_wconf 88' lang='lat' dir='ltr'>damnatur</span> <span class='ocrx_word' id='word_1_317' title='bbox 2249 3254 2302 3287; x_wconf 91' lang='lat' dir='ltr'>n.</span> <span class='ocrx_word' id='word_1_318' title='bbox 2345 3239 2466 3287; x_wconf 83' lang='lat'>41.:</span> 
     </span>
     <span class='ocr_line' id='line_1_41' title="bbox 435 3310 2468 3377; baseline -0.001 -14"><span class='ocrx_word' id='word_1_319' title='bbox 435 3312 595 3366; x_wconf 77' lang='lat' dir='ltr'>«Non</span> <span class='ocrx_word' id='word_1_320' title='bbox 634 3320 715 3366; x_wconf 91' lang='lat' dir='ltr'>est</span> <span class='ocrx_word' id='word_1_321' title='bbox 753 3315 816 3366; x_wconf 89' lang='lat' dir='ltr'>de</span> <span class='ocrx_word' id='word_1_322' title='bbox 854 3317 1173 3369; x_wconf 86' lang='lat' dir='ltr'>necessitate</span> <span class='ocrx_word' id='word_1_323' title='bbox 1211 3316 1419 3377; x_wconf 76' lang='lat' dir='ltr'>salutiS,</span> <span class='ocrx_word' id='word_1_324' title='bbox 1460 3313 1673 3366; x_wconf 87' lang='lat' dir='ltr'>credere</span> <span class='ocrx_word' id='word_1_325' title='bbox 1710 3311 2008 3364; x_wconf 88' lang='lat' dir='ltr'>Romanam</span> <span class='ocrx_word' id='word_1_326' title='bbox 2047 3310 2322 3363; x_wconf 90' lang='lat' dir='ltr'>ecclesiam</span> <span class='ocrx_word' id='word_1_327' title='bbox 2355 3327 2468 3361; x_wconf 87' lang='lat' dir='ltr'>esse</span> 
     </span>
     <span class='ocr_line' id='line_1_42' title="bbox 431 3382 2468 3456; baseline -0.003 -16"><span class='ocrx_word' id='word_1_328' title='bbox 431 3405 735 3456; x_wconf 89' lang='lat' dir='ltr'>supremam</span> <span class='ocrx_word' id='word_1_329' title='bbox 774 3388 916 3441; x_wconf 89' lang='lat' dir='ltr'>inter</span> <span class='ocrx_word' id='word_1_330' title='bbox 954 3390 1088 3442; x_wconf 88' lang='lat' dir='ltr'>alias</span> <span class='ocrx_word' id='word_1_331' title='bbox 1115 3389 1415 3443; x_wconf 83' lang='lat' dir='ltr'>ecclesias.»</span> <span class='ocrx_word' id='word_1_332' title='bbox 1475 3388 1646 3440; x_wconf 85' lang='lat' dir='ltr'>Error</span> <span class='ocrx_word' id='word_1_333' title='bbox 1672 3389 1770 3449; x_wconf 89' lang='lat' dir='ltr'>est,</span> <span class='ocrx_word' id='word_1_334' title='bbox 1810 3385 1856 3438; x_wconf 88' lang='lat' dir='ltr'>si</span> <span class='ocrx_word' id='word_1_335' title='bbox 1894 3404 1988 3454; x_wconf 91' lang='lat' dir='ltr'>per</span> <span class='ocrx_word' id='word_1_336' title='bbox 2011 3385 2164 3437; x_wconf 85' lang='lat' dir='ltr'>Rom.</span> <span class='ocrx_word' id='word_1_337' title='bbox 2192 3382 2468 3436; x_wconf 87' lang='lat' dir='ltr'>ecclesiam</span> 
     </span>
     <span class='ocr_line' id='line_1_43' title="bbox 433 3459 2465 3532; baseline -0.002 -18"><span class='ocrx_word' id='word_1_338' title='bbox 433 3461 712 3532; x_wconf 86' lang='lat' dir='ltr'>intelligat</span> <span class='ocrx_word' id='word_1_339' title='bbox 750 3462 1106 3516; x_wconf 87' lang='lat' dir='ltr'>universalem</span> <span class='ocrx_word' id='word_1_340' title='bbox 1145 3463 1439 3518; x_wconf 86' lang='lat' dir='ltr'>Ecclesiam</span> <span class='ocrx_word' id='word_1_341' title='bbox 1476 3466 1571 3515; x_wconf 85' lang='lat' dir='ltr'>aut</span> <span class='ocrx_word' id='word_1_342' title='bbox 1612 3459 1898 3514; x_wconf 90' lang='lat' dir='ltr'>concilium</span> <span class='ocrx_word' id='word_1_343' title='bbox 1935 3459 2203 3530; x_wconf 84' lang='lat' dir='ltr'>generale,</span> <span class='ocrx_word' id='word_1_344' title='bbox 2244 3461 2341 3510; x_wconf 87' lang='lat' dir='ltr'>aut</span> <span class='ocrx_word' id='word_1_345' title='bbox 2367 3474 2465 3525; x_wconf 88' lang='lat' dir='ltr'>pro</span> 
     </span>
    </p>
   </div>
   <div class='ocr_carea' id='block_1_4' title="bbox 435 3631 2467 3761">
    <p class='ocr_par' dir='ltr' id='par_1_8' title="bbox 435 3631 2467 3761">
     <span class='ocr_line' id='line_1_44' title="bbox 558 3631 2467 3695; baseline -0.003 -12"><span class='ocrx_word' id='word_1_346' title='bbox 558 3636 591 3692; x_wconf 83' lang='grc' dir='ltr'>ι)</span> <span class='ocrx_word' id='word_1_347' title='bbox 621 3637 770 3683; x_wconf 85' lang='lat' dir='ltr'>Etiam</span> <span class='ocrx_word' id='word_1_348' title='bbox 802 3636 1044 3683; x_wconf 79' lang='lat' dir='ltr'>Concilium</span> <span class='ocrx_word' id='word_1_349' title='bbox 1075 3638 1382 3683; x_wconf 85' lang='lat' dir='ltr'>Tridentinum</span> <span class='ocrx_word' id='word_1_350' title='bbox 1413 3637 1466 3682; x_wconf 88' lang='lat' dir='ltr'>de</span> <span class='ocrx_word' id='word_1_351' title='bbox 1495 3638 1719 3695; x_wconf 85' lang='lat' dir='ltr'>potestate</span> <span class='ocrx_word' id='word_1_352' title='bbox 1748 3634 1999 3680; x_wconf 84' lang='lat' dir='ltr'>reservandi</span> <span class='ocrx_word' id='word_1_353' title='bbox 2031 3647 2155 3681; x_wconf 85' lang='lat' dir='ltr'>casus</span> <span class='ocrx_word' id='word_1_354' title='bbox 2185 3633 2269 3680; x_wconf 85' lang='lat' dir='ltr'>ait:</span> <span class='ocrx_word' id='word_1_355' title='bbox 2320 3631 2467 3688; x_wconf 69' lang='lat' dir='ltr'>„Rom-</span> 
     </span>
     <span class='ocr_line' id='line_1_45' title="bbox 435 3697 1756 3761; baseline -0.003 -14"><span class='ocrx_word' id='word_1_356' title='bbox 435 3699 673 3748; x_wconf 80' lang='lat' dir='ltr'>Pontifices</span> <span class='ocrx_word' id='word_1_357' title='bbox 703 3711 782 3761; x_wconf 87' lang='lat' dir='ltr'>pro</span> <span class='ocrx_word' id='word_1_358' title='bbox 812 3711 1013 3759; x_wconf 81' lang='lat' dir='ltr'>suprema</span> <span class='ocrx_word' id='word_1_359' title='bbox 1041 3697 1088 3742; x_wconf 88' lang='lat' dir='ltr'>in</span> <span class='ocrx_word' id='word_1_360' title='bbox 1118 3698 1312 3745; x_wconf 83' lang='lat' dir='ltr'>Ecclesia</span> <span class='ocrx_word' id='word_1_361' title='bbox 1342 3698 1423 3744; x_wconf 83' lang='lat' dir='ltr'>Dei</span> <span class='ocrx_word' id='word_1_362' title='bbox 1453 3697 1756 3745; x_wconf 78' lang='lat' dir='ltr'>auctoritate.“</span> 
     </span>
    </p>
   </div>
   <div class='ocr_carea' id='block_1_5' title="bbox 2644 3137 2722 4146">
    <p class='ocr_par' dir='ltr' id='par_1_9' title="bbox 2644 3137 2722 4146">
     <span class='ocr_line' id='line_1_46' title="bbox 2644 3137 2722 4146; baseline 0 0"><span class='ocrx_word' id='word_1_363' title='bbox 2644 3137 2722 4146; x_wconf 95' lang='lat' dir='ltr'> </span> 
     </span>
    </p>
   </div>
  </div>
 </body>
</html>
