2612 4062
565 406 588 435 Ἀ

149 487 251 540 hoc
288 490 444 540 tanto
482 487 704 557 negotio
745 487 819 540 Te
857 488 1048 556 ipsum,
1091 487 1438 542 Sanctissime
1476 487 1637 541 Pater
1655 527 1667 550 ‚
1722 485 2025 539 adeundum
2072 503 2186 538 esse

151 560 477 623 censuimus,
531 560 732 629 quippe
784 561 877 630 qui
923 581 954 613 a
992 562 1227 616 Domino
1278 563 1345 615 ad
1383 581 1556 633 agnos
1596 578 1825 629 ovesque
1863 559 2187 628 pascendum

150 635 479 688 constitutus
529 635 829 687 animarum
878 635 1079 689 Christi
1131 637 1396 707 sanguine
1442 637 1839 704 redemptarum
1891 633 2181 702 piissimam

149 728 330 761 curam
375 708 537 760 habes
557 749 569 771 ‚
622 712 676 761 et
715 709 1078 777 periculorum
1118 710 1248 779 ipsis
1287 710 1680 780 imminentium
1723 709 1918 761 affectu
1957 711 2184 776 paterno

147 782 434 836 misereris
511 781 733 834 Norunt
771 783 913 834 enim
953 802 1134 836 omnes
1174 788 1227 837 et
1265 784 1619 836 libentissime
1659 783 2007 845 confitentur,
2049 782 2188 833 sicut

150 876 342 926 corpus
394 857 593 926 absque
647 856 822 924 capite
868 858 1162 920 mutilum,¹
1204 860 1283 911 ita
1335 858 1622 911 concilium
1674 856 1964 908 Ecclesiam
2012 859 2187 908 totam

150 934 558 1000 repraesentans
598 931 798 998 absque
837 949 1141 984 successore
1181 930 1231 984 S.
1268 931 1416 985 Petri
1456 931 1573 983 fieri
1611 949 1722 983 non
1762 948 1934 998 posse,
1975 948 2187 982 omnes-

149 1024 251 1074 que
291 1025 330 1058 S.
373 1004 522 1057 Sedis
574 1005 839 1057 mandatis
880 1005 1287 1074 promptissimo
1329 1005 1591 1058 obediunt
1627 1004 1825 1056 aninlo.
1904 1003 2188 1055 Praeterea

149 1098 283 1149 quae
340 1079 403 1131 de
453 1078 737 1131 Pontificis
790 1079 1022 1131 Romani
1081 1079 1409 1132 auctoritate
1467 1079 1711 1130 fidelibus
1768 1078 1999 1130 tenenda
2058 1078 2185 1139 sint,

150 1153 448 1207 Concilium
487 1152 870 1205 Tridentinum
910 1153 1102 1216 edixit,
1146 1153 1522 1206 Florentinum
1563 1170 1794 1221 quoque,
1837 1153 1987 1221 cujus
2027 1169 2088 1203 ea
2125 1152 2190 1203 de

147 1247 204 1280 re
275 1228 547 1280 decretum
616 1227 674 1278 in
747 1229 954 1280 cunctis
1014 1227 1349 1297 singulisque
1413 1245 1474 1280 eo
1539 1228 1776 1278 sanctius
1841 1229 2189 1278 conservetur

149 1306 395 1371 oportet,
437 1301 692 1370 quoniam
731 1301 1001 1354 Ecclesiae
1039 1300 1265 1354 Latinae
1306 1306 1360 1354 et
1400 1300 1633 1353 Graecae
1673 1318 1937 1352 consensu
1978 1298 2189 1352 stabili-

148 1381 266 1429 tum
323 1380 405 1429 est
449 1379 610 1444 atque
660 1375 705 1427 si
758 1375 1024 1428 Dominus
1075 1375 1141 1426 ad
1194 1374 1471 1428 Orientem
1520 1378 1606 1427 tot
1664 1374 1818 1426 malis
1879 1392 2190 1441 oppressum

149 1450 546 1503 misericordiae
586 1468 711 1502 suae
740 1450 925 1502 oculos
963 1454 1277 1502 convertere
1304 1449 1558 1519 dignetur
1586 1448 1801 1500 unionis
1828 1448 2191 1499 restituendae

148 1525 555 1577 fundamentum
581 1524 703 1576 erit.
746 1523 987 1587 Accedit,
1016 1524 1159 1592 quod
1186 1524 1286 1575 hac
1305 1526 1623 1591 tempestate
1649 1521 1915 1573 Ecclesiae
1939 1522 2193 1573 adversus

150 1618 264 1662 eos,
294 1599 464 1669 quiin
491 1598 811 1669 religionem
838 1603 1113 1667 tamquam
1141 1602 1501 1650 commentum
1520 1597 1755 1648 humano
1776 1596 1959 1665 generi
1979 1595 2192 1647 exitiale

151 1677 514 1744 consurgunt,
568 1691 752 1743 pugna
804 1673 1120 1725 sustinenda
1169 1672 1243 1724 sit
1292 1690 1433 1724 nova
1484 1675 1537 1722 et
1589 1689 1619 1721 a
1659 1670 1883 1722 saeculis
1930 1669 2192 1730 inaudita,

151 1748 227 1800 ita
264 1752 323 1800 ut
362 1748 671 1800 consultum
710 1747 930 1799 minime
971 1747 1215 1799 videatur
1256 1745 1473 1814 populis
1502 1743 1794 1796 Catholicis
1835 1747 1920 1796 tot
1960 1743 2194 1811 undique

151 1822 642 1874 machinationibus
701 1821 759 1873 in
817 1821 1180 1874 tentationem
1237 1819 1472 1871 inductis
1529 1820 1733 1887 majora
1793 1836 1951 1885 quam
2008 1816 2194 1868 Patres

152 1896 461 1949 Tridentini
511 1897 804 1965 imponere.
885 1895 1016 1947 Cum
1069 1895 1210 1946 enim
1264 1894 1407 1946 inter
1447 1893 1686 1962 potiores
1724 1891 1970 1943 nationes
2010 1891 2195 1943 catho-

153 1971 282 2022 licas
322 1989 543 2023 munere
583 1970 877 2039 episcopali
904 1971 1214 2039 fungamur,
1255 1986 1435 2020 rerum
1474 1967 1615 2035 apud
1657 1985 1746 2018 eos
1786 1969 1985 2018 statum
2016 1964 2196 2033 quoti-

152 2045 312 2098 diano
348 2046 619 2098 noscimus
646 2064 772 2107 usu3
808 2048 970 2113 atque
1010 2044 1129 2096 ideo
1157 2042 1312 2095 nobis
1340 2060 1526 2110 reapse
1554 2043 1785 2102 constat,
1828 2039 2195 2091 definitionem

151 2119 495 2189 hujusmodi,
563 2137 698 2189 quae
760 2119 911 2171 nulla
977 2120 1203 2188 cogente
1266 2115 1585 2169 necessitate
1648 2114 1989 2182 postulatur,
2057 2131 2196 2164 nova

153 2193 384 2246 inimicis
422 2194 481 2246 in
520 2194 815 2247 Ecclesiam
853 2212 1000 2245 arma
1040 2191 1510 2260 suppeditaturam
1549 2193 1711 2257 atque
1751 2187 1892 2254 apud
1932 2187 2195 2255 plurimos

153 2267 314 2320 etiam
372 2269 610 2321 melioris
668 2272 830 2321 notae
896 2267 1042 2319 viros
1100 2267 1215 2318 fore
1271 2265 1450 2316 minus
1503 2267 1799 2331 acceptam,
1859 2262 1938 2313 ita
1996 2265 2056 2317 ut
2114 2260 2193 2311 illi

152 2361 336 2394 ansam
374 2347 710 2396 assumerent
746 2342 955 2411 reliqua
995 2340 1260 2393 Ecclesiae
1301 2338 1592 2391 catholicae
1627 2339 1750 2405 jura
1789 2334 2100 2397 invadendi,
2141 2333 2192 2385 hi

154 2434 279 2469 vero
334 2415 501 2486 (quod
553 2418 730 2470 animo
783 2417 938 2469 nobis
993 2433 1174 2468 coram
1212 2414 1327 2466 Deo
1379 2417 1432 2465 et
1471 2410 1778 2463 hominibus
1818 2410 1924 2461 alte
1965 2408 2188 2459 infixum

155 2490 293 2554 Tibi,
351 2491 510 2544 Pater
564 2492 797 2561 optime,
860 2490 1136 2558 adaperire
1189 2487 1487 2557 potuimus)
1542 2504 1653 2537 non
1705 2485 1902 2551 absque
1954 2482 2191 2550 periculo

154 2565 476 2630 schismatiS‚
530 2567 588 2618 in
637 2565 944 2635 praecipuis
984 2563 1268 2633 religionis
1319 2564 1537 2613 nostrae
1585 2556 1952 2610 sanctissimae
2000 2555 2196 2608 officiis

155 2640 548 2707 persolvendiS,
596 2659 658 2693 ac
695 2640 853 2693 bonis
894 2639 1146 2707 operibus
1186 2634 1542 2704 adimplendis
1582 2633 1974 2684 relaxarentur.
2054 2629 2196 2680 Haec

156 2712 446 2767 Sanctitati
485 2715 628 2768 Tuae
667 2719 768 2768 etc.
813 2713 934 2781 (wie
973 2713 1031 2764 in
1072 2712 1163 2763 der
1203 2705 1978 2772 osterreichisch-deutschen).

271 2816 434 2860 Datum
466 2817 627 2861 Romae
660 2817 727 2860 die
764 2820 829 2859 18.
861 2815 1059 2859 ,Ianuarii
1095 2816 1222 2856 1870.

155 2937 459 2990 Alexander
499 2936 752 2989 Riccardi
792 2935 845 2987 di
884 2933 1074 2996 Netr0‚
1115 2931 1279 2983 Arch.
1322 2930 1421 2998 Ep.
1465 2927 1752 2980 Taurinen.
1798 2956 1861 2962 —-
1906 2924 2094 2986 Turin,

156 3011 459 3065 Ludovicus
485 3010 685 3064 Nazari
712 3010 767 3062 di
794 3008 1095 3070 Calabiana‚
1136 3005 1301 3057 Arch.
1332 3004 1431 3071 Ep.
1462 3001 1815 3053 Mediolanen.
1844 3029 1907 3035 ——
1938 2997 2191 3054 Mailand,

155 3085 392 3139 Joannes
430 3086 626 3138 Petrus
665 3084 934 3146 Losanna‚
977 3081 1075 3149 Ep.
1117 3079 1396 3148 Bugellen.
1441 3107 1506 3113 ——
1548 3074 1736 3136 Biella‚

157 3159 484 3214 Laurentius
523 3159 770 3220 Renaldi,
810 3157 910 3225 Ep.
952 3153 1277 3206 Pinerolien.
1321 3180 1383 3186 -
1430 3148 1701 3210 Pinerolo,

156 3234 397 3303 Raphael
436 3234 602 3297 Biale‚
642 3233 742 3301 Ep.
783 3230 1146 3299 Albinganen.
1192 3256 1258 3262 —
1299 3224 1562 3292 Albenga‚

156 3307 392 3361 Joannes
432 3307 687 3370 Montixi,
727 3306 827 3374 Ep.
868 3301 1159 3356 Ecclesien.
1204 3329 1270 3335 —
1312 3298 1552 3367 IglesiaS‚

158 3381 460 3435 Ludovicus
500 3376 743 3442 Moreno,
785 3379 886 3446 Ep.
928 3373 1266 3444 Ipporegien.
1312 3403 1377 3409 —-
1419 3371 1586 3422 Ivrea.
