2722 4146
2230 289 2298 343 99

265 424 359 498 qui
410 425 585 482 utitur
612 425 855 483 concilio
908 435 962 485 et
1001 432 1236 503 requirit
1285 433 1615 506 adjutorium
1654 433 1919 488 universae
1957 433 2209 488 Ecclesiae
2249 437 2304 488 et

266 501 318 554 S.
349 502 567 555 Thomae
592 502 914 557 Pontificem
953 507 1298 563 definientem
1323 510 1468 563 aliud
1505 530 1616 564 non
1643 528 1772 575 6336,
1813 528 1972 579 quam
1997 509 2305 563 universam

265 576 574 642 Ecclesiam,
615 595 733 646 quae
771 596 867 646 per
906 599 1058 634 suum
1102 588 1282 653 caput,
1318 585 1582 656 organum
1621 588 1675 639 et
1714 603 1774 639 os
1802 602 1953 638 suam
1979 583 2302 650 doctrinam,

266 669 417 703 suam
456 651 617 703 fidem
656 654 998 720 pronunciat.

413 723 801 790 Confirmatur,
844 728 970 796 quia
1009 729 1060 783 S.
1101 732 1334 786 Thomas
1383 733 1460 786 ibi
1511 737 1614 787 art.
1656 738 1704 787 9.
1744 732 1812 786 ad
1855 737 1901 786 3.
1942 731 2104 785 dicit:
2161 731 2304 801 quod

266 799 566 851 «confessio
607 799 731 852 fidei
771 802 1007 856 traditur
1045 805 1104 857 in
1143 808 1389 876 symbolo
1431 808 1582 877 quasi
1623 826 1687 860 ex
1724 826 1956 876 persona
1994 806 2166 860 totius
2200 806 2304 859 Ec-

266 873 452 936 clesiae,
495 890 614 941 quae
653 892 748 942 per
788 875 946 929 fidem
986 880 1244 944 1111itur»3
1286 885 1341 935 et
1379 881 1438 934 in
1476 882 1635 935 initio
1677 881 1920 950 corporis
1946 879 2166 934 articuli
2193 880 2301 934 ait:

268 946 617 1014 «Symbolum
657 952 739 1000 est
777 953 1104 1005 auctoritate
1151 955 1472 1008 universalis
1513 956 1768 1008 Ecclesiae
1819 956 2074 1008 editum.»
2154 954 2303 1024 Ergo

265 1021 475 1089 quando
517 1021 573 1072 in
612 1022 844 1075 articulo
886 1028 1131 1094 sequenti
1158 1029 1316 1082 dicit:
1362 1028 1482 1082 «Ad
1510 1031 1680 1083 solam
1706 1030 2089 1083 auctoritatem
2112 1028 2306 1081 Ponti-

265 1095 377 1147 ficis
418 1096 611 1147 summi
654 1097 891 1164 pertinet
931 1119 1070 1152 nova
1110 1103 1274 1156 editio
1315 1105 1602 1173 symboli»,
1660 1103 1928 1173 intelligit
1967 1102 2303 1167 Pontificem,

265 1169 355 1237 qui
398 1169 645 1222 omnibus
686 1173 901 1238 praesit:
945 1193 1128 1228 omnes
1167 1177 1228 1229 ad
1274 1179 1541 1231 unitatem
1578 1181 1786 1242 movet,
1838 1178 2010 1230 totius
2052 1177 2304 1229 Ecclesiae

265 1243 419 1294 fidem
480 1243 764 1312 exprimit,
825 1247 1147 1302 universalis
1186 1251 1438 1305 Ecclesiae
1489 1252 1872 1306 auctoritatem
1928 1254 2304 1320 repraesentat,

264 1335 546 1385 personam
584 1319 756 1371 totius
795 1321 1049 1375 Ecclesiae
1088 1324 1213 1379 fert.

411 1391 564 1444 Item.
607 1391 978 1448 Universalem
1006 1398 1300 1452 Ecclesiam
1339 1418 1448 1452 non
1487 1419 1644 1469 posse
1682 1417 1861 1452 errare
1899 1400 2097 1468 probat
2143 1399 2200 1451 1⁰
2241 1416 2304 1450 ex

263 1465 710 1534 promissionibus
749 1468 906 1522 factis
934 1470 1215 1540 Apostolis
1255 1478 1309 1527 et
1337 1474 1634 1543 Episcopis,
1676 1492 1862 1527 eorum
1889 1473 2302 1526 successoribus

265 1539 362 1592 Ait
389 1540 531 1591 enim
556 1541 788 1595 articulo
819 1549 866 1596 9.
890 1545 1023 1597 ibid:
1067 1546 1168 1599 Sed
1197 1552 1385 1601 contra
1411 1552 1509 1613 est,
1551 1549 1693 1618 quod
1718 1548 1959 1600 Ecclesia
1985 1546 2306 1599 universalis

264 1633 375 1666 non
397 1617 579 1682 potest
605 1633 800 1680 errare,
831 1619 957 1686 quia
990 1639 1018 1671 a
1042 1619 1250 1689 Spiritu
1278 1626 1463 1675 sancto
1486 1624 1836 1692 gubernatur,
1860 1621 1954 1690 qui
1975 1625 2057 1673 est
2078 1620 2306 1688 spiritus

266 1688 544 1740 veritatis:
587 1689 689 1742 hoc
717 1691 859 1742 enim
887 1695 1142 1761 promisit
1168 1696 1434 1749 Dominus
1462 1697 1739 1766 discipulis
1766 1695 1800 1748 J
1805 1695 2011 1748 oannis.
2038 1694 2186 1747 XVI.
2223 1699 2302 1747 13.

264 1762 468 1814 dicens:
522 1762 656 1816 Cum
692 1770 891 1819 venerit
918 1769 1009 1820 ille
1038 1771 1266 1835 spiritus
1298 1772 1554 1835 veritati&
1592 1771 1792 1823 docebit
1821 1786 1909 1823 vos
1941 1785 2138 1822 omnem
2171 1769 2305 1821 veri-

265 1842 437 1890 tatem.
496 1836 597 1890 Sed
625 1840 927 1906 symbolum
956 1847 1037 1895 est
1064 1845 1393 1898 auctoritate
1432 1845 1752 1897 universalis
1791 1843 2045 1896 Ecclesiae
2084 1842 2302 1895 editum.

265 1909 417 1962 Nihil
438 1930 567 1981 ergo
590 1912 977 1969 inconveniens
999 1917 1058 1969 in
1078 1936 1138 1971 6ο
1163 1920 1491 1972 continetur.
1532 1919 1771 1971 «Deinde
1792 1919 1988 1987 probat
2004 1916 2054 1969 S.
2073 1916 2306 1969 Thomas

264 1984 558 2038 Ecclesiam
586 1987 943 2042 universalem
969 2009 1150 2044 errare
1175 2013 1288 2046 non
1315 2012 1472 2062 posse
1502 1994 1561 2045 2⁰
1590 2012 1653 2045 ex
1678 1991 2146 2062 promissionibUS,
2189 2008 2306 2059 quae

263 2058 517 2112 Ecclesiae
557 2061 712 2114 factae
752 2068 882 2117 sunt
907 2066 966 2116 in
992 2084 1221 2134 persona
1246 2067 1421 2120 Petri:
1463 2067 1516 2119 id
1556 2071 1637 2120 est
1665 2067 1791 2136 quia
1817 2065 2082 2118 Dominus
2111 2065 2304 2129 oravit,

266 2151 331 2184 ne
371 2134 693 2189 universalis
721 2137 972 2191 Ecclesia}
1013 2140 1142 2193 fides
1170 2142 1436 2206 deficeret,
1480 2141 1692 2210 quando
1734 2140 1927 2204 oravit,
1963 2157 2030 2191 ne
2057 2139 2307 2191 deficeret

264 2207 392 2259 fides
433 2208 597 2262 Petri.
657 2208 755 2263 Ait
794 2212 936 2264 enim
963 2214 1021 2266 in
1050 2214 1446 2269 Commentario
1474 2216 1540 2268 ad
1569 2215 1788 2268 Lucam:
1836 2213 2173 2266 Universalis
2200 2213 2304 2265 Ec-

264 2281 435 2333 clesiae
475 2283 604 2336 fides
645 2304 755 2337 non
798 2290 980 2354 potest
1005 2289 1227 2342 deficere
1248 2290 1483 2343 Domino
1510 2290 1744 2342 dicente:
1786 2288 1992 2356 Roqavi
2008 2305 2112 2354 pro
2140 2292 2200 2352 te,
2242 2304 2308 2339 ne

266 2356 477 2421 deficiat
513 2358 646 2422 fades
685 2364 812 2411 tua»
855 2362 889 2414 i.
934 2381 975 2414 6.
1020 2361 1071 2416 S.
1115 2364 1344 2417 Thomas
1386 2365 1483 2417 sub
1523 2365 1626 2416 fide
1652 2363 1803 2416 Petri
1841 2361 2105 2431 intelligit
2146 2361 2306 2414 fidem

265 2429 587 2483 universalis
617 2433 886 2499 Ecclesiae,
917 2436 1006 2488 sed
1034 2441 1096 2490 ut
1124 2437 1175 2490 S.
1206 2439 1438 2491 Thomas
1466 2438 1524 2490 in
1552 2457 1700 2506 corp.
1729 2436 1948 2490 articuli
1982 2440 2060 2487 10.
2088 2436 2304 2504 probat,

264 2505 330 2556 ad
351 2506 733 2559 auctoritatem
755 2511 948 2561 summi
962 2510 1244 2564 Pontificis
1266 2516 1507 2581 spectare
1527 2530 1725 2564 novam
1746 2511 2037 2563 editionem
2057 2508 2306 2577 symboli,

264 2579 422 2632 affert
460 2579 598 2632 hanc
639 2583 1051 2649 promissionem
1089 2585 1281 2639 factam
1315 2586 1494 2650 Petro,
1536 2585 1749 2654 quando
1789 2602 2026 2637 summus
2054 2582 2309 2635 Pontifex

265 2653 371 2706 fuit
410 2655 773 2708 constitutus:
828 2657 946 2725 Eyo
985 2662 1172 2727 royavi
1201 2677 1305 2727 pro
1347 2666 1419 2724 te,
1461 2660 1646 2724 Patre,
1690 2664 1750 2712 ut
1787 2676 1888 2712 non
1927 2658 2140 2724 deficiat
2173 2658 2308 2723 fides

267 2731 384 2791 tua,
446 2732 495 2779 et
534 2733 592 2781 tu
641 2731 930 2798 aliquando
980 2751 1256 2790 conversus
1305 2736 1555 2801 confirma
1606 2736 1807 2800 fratres
1856 2738 1986 2786 tuos
2065 2731 2212 2800 Ergo
2254 2729 2305 2782 S.

266 2801 498 2854 Thomas
537 2803 781 2872 loquitur
821 2807 884 2859 de
923 2806 1219 2874 Pontifice,
1272 2809 1364 2878 qui
1402 2809 1722 2861 universalis
1761 2805 2013 2860 Ecclesiae
2053 2805 2211 2856 fidem
2249 2803 2308 2854 in

267 2893 321 2928 se
379 2878 811 2945 comprehendit:
878 2881 1124 2950 loquitur
1189 2883 1251 2935 de
1312 2882 1602 2945 Pontifice,
1677 2882 1770 2950 qui
1829 2898 1994 2949 quum
2059 2877 2306 2930 omnibus

266 2949 468 3019 praesit,
510 2969 694 3006 omnes
732 2959 946 3009 moveat
984 2956 1051 3008 ad
1088 2957 1372 3021 unitatem,
1414 2956 1650 3009 omnium
1693 2953 2016 3007 sententiam
2056 2955 2110 3004 et
2149 2951 2308 3003 fidem

268 3024 565 3080 confirmet.

415 3098 489 3152 Et
539 3100 654 3154 haec
710 3106 792 3156 est
842 3122 967 3156 vera
1022 3104 1265 3158 definitio
1317 3124 1380 3158 ex
1421 3104 1674 3157 cathedra
1727 3117 1845 3170 quae
1891 3118 2001 3153 non
2040 3099 2240 3168 pendet
2267 3117 2308 3182 ‘a

270 3173 587 3241 quibusdam
625 3177 1047 3231 accidentalibus
1087 3180 1371 3248 adjunctis,
1433 3179 1517 3230 vel
1563 3196 1627 3229 ex
1680 3175 2001 3245 quibusdam
2055 3173 2310 3226 solemm-

270 3247 475 3300 tatibus
514 3250 599 3301 vel
640 3269 704 3302 ex
741 3271 878 3320 pura
918 3253 1198 3305 voluntate
1237 3252 1562 3322 legislatoris
1603 3249 1834 3302 volentis
1889 3248 2159 3317 obligare,
2219 3246 2308 3299 sed

271 3338 335 3372 ex
379 3326 576 3374 natura
615 3325 709 3376 rei.
786 3324 962 3379 Huius
1002 3327 1334 3379 definitionis
1375 3345 1438 3378 ex
1466 3324 1720 3377 cathedra
1746 3326 1935 3376 auctor
1962 3325 2044 3375 est
2071 3339 2307 3374 summus

270 3392 542 3459 Pontifex,
585 3397 677 3465 qui
716 3399 1038 3452 universalis
1079 3400 1333 3452 Ecclesiae
1387 3400 1547 3450 fidem
1597 3398 1908 3451 solemniter
1963 3395 2306 3464 promulgat3

271 3467 385 3518 haec
422 3467 664 3523 definitio
706 3473 939 3526 cohaeret
979 3492 1097 3526 cum
1149 3474 1244 3526 illa
1283 3472 1624 3525 celeberrima
1681 3471 1976 3534 sententia,
2036 3486 2194 3537 quam
2243 3484 2307 3518 ex

273 3538 326 3591 S.
367 3540 572 3596 Irenaeo
612 3544 927 3600 didicimus:
983 3547 1075 3615 qui
1114 3547 1232 3599 ideo
1272 3547 1470 3615 probat
1509 3565 1572 3599 ex
1611 3546 1832 3599 ecclesia
1870 3545 2113 3597 Romana
2152 3557 2308 3609 posse

275 3615 528 3683 cognosci
565 3635 746 3671 veram
783 3625 838 3674 et
876 3621 1227 3689 apostolicam
1266 3621 1596 3686 doctrinam,
1650 3620 1776 3689 quia
1828 3637 1947 3672 cum
1997 3615 2063 3668 ad
2114 3615 2305 3698 ipsam,

273 3692 499 3757 propter
557 3692 824 3760 potiorem
871 3694 1331 3765 principalitatem
1382 3713 1594 3748 necesse
1643 3695 1716 3748 sit
1765 3708 1976 3747 omnem
2022 3706 2308 3742 convenire

1958 3777 2011 3823 7*
