<?xml version="1.0" encoding="UTF-8"?>
<!DOCTYPE html PUBLIC "-//W3C//DTD XHTML 1.0 Transitional//EN"
    "http://www.w3.org/TR/xhtml1/DTD/xhtml1-transitional.dtd">
<html xmlns="http://www.w3.org/1999/xhtml" xml:lang="en" lang="en">
 <head>
  <title>
</title>
<meta http-equiv="Content-Type" content="text/html;charset=utf-8" />
  <meta name='ocr-system' content='tesseract 3.04.00' />
  <meta name='ocr-capabilities' content='ocr_page ocr_carea ocr_par ocr_line ocrx_word'/>
</head>
<body>
  <div class='ocr_page' id='page_1' title='image "./a582484600frieuoft_0042.png"; bbox 0 0 2722 4146; ppageno 0'>
   <div class='ocr_carea' id='block_1_1' title="bbox 438 349 505 402">
    <p class='ocr_par' dir='ltr' id='par_1_1' title="bbox 438 349 505 402">
     <span class='ocr_line' id='line_1_1' title="bbox 438 349 505 402; baseline 0 0"><span class='ocrx_word' id='word_1_1' title='bbox 438 349 505 402; x_wconf 84' lang='lat'>30</span> 
     </span>
    </p>
   </div>
   <div class='ocr_carea' id='block_1_2' title="bbox 436 487 2515 3758">
    <p class='ocr_par' dir='ltr' id='par_1_2' title="bbox 436 487 2483 787">
     <span class='ocr_line' id='line_1_2' title="bbox 436 487 2483 563; baseline -0.002 -12"><span class='ocrx_word' id='word_1_2' title='bbox 436 498 598 550; x_wconf 90' lang='lat' dir='ltr'>lumis</span> <span class='ocrx_word' id='word_1_3' title='bbox 657 513 754 550; x_wconf 87' lang='lat' dir='ltr'>sua</span> <span class='ocrx_word' id='word_1_4' title='bbox 811 492 1095 548; x_wconf 70' lang='lat' dir='ltr'>constabat</span> <span class='ocrx_word' id='word_1_5' title='bbox 1146 489 1527 563; x_wconf 76' lang='lat' dir='ltr'>praerogativa,</span> <span class='ocrx_word' id='word_1_6' title='bbox 1587 487 1731 561; x_wconf 85' lang='lat' dir='ltr'>quod</span> <span class='ocrx_word' id='word_1_7' title='bbox 1790 488 1889 544; x_wconf 88' lang='lat' dir='ltr'>uni</span> <span class='ocrx_word' id='word_1_8' title='bbox 1943 488 2025 543; x_wconf 90' lang='lat' dir='ltr'>illi</span> <span class='ocrx_word' id='word_1_9' title='bbox 2084 494 2146 544; x_wconf 89' lang='lat' dir='ltr'>ut</span> <span class='ocrx_word' id='word_1_10' title='bbox 2200 494 2386 546; x_wconf 85' lang='lat' dir='ltr'>centro</span> <span class='ocrx_word' id='word_1_11' title='bbox 2427 494 2483 546; x_wconf 88' lang='lat' dir='ltr'>et</span> 
     </span>
     <span class='ocr_line' id='line_1_3' title="bbox 437 565 2481 637; baseline -0.002 -13"><span class='ocrx_word' id='word_1_12' title='bbox 437 571 627 625; x_wconf 89' lang='lat' dir='ltr'>vertici</span> <span class='ocrx_word' id='word_1_13' title='bbox 667 570 896 623; x_wconf 89' lang='lat' dir='ltr'>unitatis</span> <span class='ocrx_word' id='word_1_14' title='bbox 936 569 1109 620; x_wconf 83' lang='lat' dir='ltr'>honos</span> <span class='ocrx_word' id='word_1_15' title='bbox 1148 567 1454 637; x_wconf 76' lang='lat' dir='ltr'>praecipuus</span> <span class='ocrx_word' id='word_1_16' title='bbox 1493 566 1712 619; x_wconf 88' lang='lat' dir='ltr'>habitus</span> <span class='ocrx_word' id='word_1_17' title='bbox 1740 570 1928 620; x_wconf 75' lang='lat' dir='ltr'>esset.»</span> <span class='ocrx_word' id='word_1_18' title='bbox 2009 565 2300 636; x_wconf 82' lang='lat' dir='ltr'>Hucusque</span> <span class='ocrx_word' id='word_1_19' title='bbox 2335 567 2481 620; x_wconf 85' lang='lat' dir='ltr'>Tho-</span> 
     </span>
     <span class='ocr_line' id='line_1_4' title="bbox 436 640 2477 711; baseline -0.003 -13"><span class='ocrx_word' id='word_1_20' title='bbox 436 646 721 708; x_wconf 84' lang='lat' dir='ltr'>massinuS‚</span> <span class='ocrx_word' id='word_1_21' title='bbox 783 644 1004 696; x_wconf 85' lang='lat' dir='ltr'>Patrum</span> <span class='ocrx_word' id='word_1_22' title='bbox 1063 645 1117 694; x_wconf 92' lang='lat' dir='ltr'>et</span> <span class='ocrx_word' id='word_1_23' title='bbox 1158 642 1459 695; x_wconf 78' lang='lat' dir='ltr'><strong>Doctorum</strong></span> <span class='ocrx_word' id='word_1_24' title='bbox 1500 646 1608 695; x_wconf 89' lang='lat' dir='ltr'>tam</span> <span class='ocrx_word' id='word_1_25' title='bbox 1648 640 1964 704; x_wconf 85' lang='lat' dir='ltr'>latinorum,</span> <span class='ocrx_word' id='word_1_26' title='bbox 2025 645 2138 693; x_wconf 88' lang='lat' dir='ltr'>tam</span> <span class='ocrx_word' id='word_1_27' title='bbox 2176 658 2477 711; x_wconf 81' lang='lat' dir='ltr'>graecorum</span> 
     </span>
     <span class='ocr_line' id='line_1_5' title="bbox 439 716 1306 787; baseline -0.006 -14"><span class='ocrx_word' id='word_1_28' title='bbox 439 724 671 773; x_wconf 89' lang='lat' dir='ltr'>mentem</span> <span class='ocrx_word' id='word_1_29' title='bbox 712 718 947 787; x_wconf 73' lang='lat' dir='ltr'>perfecte</span> <span class='ocrx_word' id='word_1_30' title='bbox 987 716 1306 785; x_wconf 83' lang='lat' dir='ltr'>exprimens.</span> 
     </span>
    </p>

    <p class='ocr_par' dir='ltr' id='par_1_3' title="bbox 439 787 2493 1678">
     <span class='ocr_line' id='line_1_6' title="bbox 586 787 2483 861; baseline -0.003 -15"><span class='ocrx_word' id='word_1_31' title='bbox 586 794 662 846; x_wconf 79' lang='lat' dir='ltr'>Ut</span> <span class='ocrx_word' id='word_1_32' title='bbox 702 793 992 861; x_wconf 89' lang='lat' dir='ltr'>probatum</span> <span class='ocrx_word' id='word_1_33' title='bbox 1033 794 1130 855; x_wconf 90' lang='lat' dir='ltr'>est,</span> <span class='ocrx_word' id='word_1_34' title='bbox 1173 791 1410 861; x_wconf 89' lang='lat' dir='ltr'>quinque</span> <span class='ocrx_word' id='word_1_35' title='bbox 1449 809 1479 842; x_wconf 87' lang='lat' dir='ltr'>a</span> <span class='ocrx_word' id='word_1_36' title='bbox 1519 788 1598 842; x_wconf 80' lang='lat' dir='ltr'>Ss.</span> <span class='ocrx_word' id='word_1_37' title='bbox 1640 789 1892 842; x_wconf 87' lang='lat' dir='ltr'>Patribus</span> <span class='ocrx_word' id='word_1_38' title='bbox 1943 792 1998 842; x_wconf 90' lang='lat' dir='ltr'>et</span> <span class='ocrx_word' id='word_1_39' title='bbox 2036 788 2351 841; x_wconf 84' lang='lat' dir='ltr'>doctoribus</span> <span class='ocrx_word' id='word_1_40' title='bbox 2389 787 2483 841; x_wconf 88' lang='lat' dir='ltr'>ad-</span> 
     </span>
     <span class='ocr_line' id='line_1_7' title="bbox 439 862 2486 934; baseline -0.003 -13"><span class='ocrx_word' id='word_1_41' title='bbox 439 870 688 921; x_wconf 85' lang='lat' dir='ltr'>feruntur</span> <span class='ocrx_word' id='word_1_42' title='bbox 728 866 1211 934; x_wconf 81' lang='lat' dir='ltr'>interpretationes</span> <span class='ocrx_word' id='word_1_43' title='bbox 1252 865 1401 918; x_wconf 88' lang='grc'><strong>1111113</strong></span> <span class='ocrx_word' id='word_1_44' title='bbox 1440 867 1624 917; x_wconf 84' lang='lat' dir='ltr'>textus</span> <span class='ocrx_word' id='word_1_45' title='bbox 1664 863 1860 916; x_wconf 88' lang='lat' dir='ltr'>Matth.</span> <span class='ocrx_word' id='word_1_46' title='bbox 1904 862 2049 917; x_wconf 90' lang='lat' dir='ltr'>XVI.</span> <span class='ocrx_word' id='word_1_47' title='bbox 2104 865 2156 914; x_wconf 76' lang='lat'>1⁰</span> <span class='ocrx_word' id='word_1_48' title='bbox 2192 862 2486 915; x_wconf 80' lang='lat' dir='ltr'>Ecclesiam</span> 
     </span>
     <span class='ocr_line' id='line_1_8' title="bbox 440 938 2484 1009; baseline -0.003 -15"><span class='ocrx_word' id='word_1_49' title='bbox 440 943 756 995; x_wconf 74' lang='lat' dir='ltr'>{edificatam</span> <span class='ocrx_word' id='word_1_50' title='bbox 795 959 906 992; x_wconf 89' lang='lat' dir='ltr'>esse</span> <span class='ocrx_word' id='word_1_51' title='bbox 934 959 1095 1009; x_wconf 89' lang='lat' dir='ltr'>super</span> <span class='ocrx_word' id='word_1_52' title='bbox 1124 940 1362 1003; x_wconf 85' lang='lat' dir='ltr'>Petrum,</span> <span class='ocrx_word' id='word_1_53' title='bbox 1404 940 1613 1008; x_wconf 80' lang='lat' dir='ltr'>ipsique</span> <span class='ocrx_word' id='word_1_54' title='bbox 1642 939 1812 991; x_wconf 88' lang='lat' dir='ltr'>claves</span> <span class='ocrx_word' id='word_1_55' title='bbox 1840 938 1994 1008; x_wconf 82' lang='lat' dir='ltr'>regui</span> <span class='ocrx_word' id='word_1_56' title='bbox 2023 938 2281 989; x_wconf 86' lang='lat' dir='ltr'>coelorum</span> <span class='ocrx_word' id='word_1_57' title='bbox 2316 938 2484 989; x_wconf 85' lang='lat' dir='ltr'>datas.</span> 
     </span>
     <span class='ocr_line' id='line_1_9' title="bbox 442 1012 2488 1083; baseline -0.005 -13"><span class='ocrx_word' id='word_1_58' title='bbox 442 1020 502 1070; x_wconf 86' lang='lat'>2⁰</span> <span class='ocrx_word' id='word_1_59' title='bbox 543 1015 834 1068; x_wconf 81' lang='lat' dir='ltr'>Ecclesiam</span> <span class='ocrx_word' id='word_1_60' title='bbox 875 1015 1131 1067; x_wconf 79' lang='lat' dir='ltr'>aedificari</span> <span class='ocrx_word' id='word_1_61' title='bbox 1171 1033 1332 1083; x_wconf 85' lang='lat' dir='ltr'>super</span> <span class='ocrx_word' id='word_1_62' title='bbox 1372 1013 1650 1066; x_wconf 83' lang='lat' dir='ltr'>duodecim</span> <span class='ocrx_word' id='word_1_63' title='bbox 1696 1012 2007 1081; x_wconf 71' lang='lat' dir='ltr'>Apostolos,</span> <span class='ocrx_word' id='word_1_64' title='bbox 2049 1012 2286 1080; x_wconf 82' lang='lat' dir='ltr'>ipsisque</span> <span class='ocrx_word' id='word_1_65' title='bbox 2314 1012 2488 1063; x_wconf 84' lang='lat' dir='ltr'>claves</span> 
     </span>
     <span class='ocr_line' id='line_1_10' title="bbox 442 1087 2488 1161; baseline -0.004 -18"><span class='ocrx_word' id='word_1_66' title='bbox 442 1090 597 1161; x_wconf 82' lang='lat' dir='ltr'>regni</span> <span class='ocrx_word' id='word_1_67' title='bbox 655 1090 912 1142; x_wconf 86' lang='lat' dir='ltr'>coelorum</span> <span class='ocrx_word' id='word_1_68' title='bbox 970 1090 1025 1141; x_wconf 89' lang='lat' dir='ltr'>in</span> <span class='ocrx_word' id='word_1_69' title='bbox 1086 1089 1248 1142; x_wconf 86' lang='lat' dir='ltr'>Petro</span> <span class='ocrx_word' id='word_1_70' title='bbox 1308 1089 1476 1140; x_wconf 82' lang='grc'><strong>(19193.</strong></span> <span class='ocrx_word' id='word_1_71' title='bbox 1561 1091 1620 1139; x_wconf 84' lang='lat'>3⁰</span> <span class='ocrx_word' id='word_1_72' title='bbox 1662 1087 1955 1140; x_wconf 84' lang='lat' dir='ltr'>Ecclesiam</span> <span class='ocrx_word' id='word_1_73' title='bbox 2013 1087 2271 1138; x_wconf 73' lang='lat' dir='ltr'>aedificari</span> <span class='ocrx_word' id='word_1_74' title='bbox 2329 1104 2488 1154; x_wconf 77' lang='lat' dir='ltr'>super</span> 
     </span>
     <span class='ocr_line' id='line_1_11' title="bbox 443 1161 2489 1231; baseline -0.004 -13"><span class='ocrx_word' id='word_1_75' title='bbox 443 1166 733 1218; x_wconf 87' lang='lat' dir='ltr'>Christum.</span> <span class='ocrx_word' id='word_1_76' title='bbox 817 1165 877 1216; x_wconf 85' lang='lat'>4⁰</span> <span class='ocrx_word' id='word_1_77' title='bbox 918 1163 1214 1216; x_wconf 84' lang='lat' dir='ltr'>Ecclesiam</span> <span class='ocrx_word' id='word_1_78' title='bbox 1255 1163 1508 1215; x_wconf 69' lang='lat' dir='ltr'>{edificari</span> <span class='ocrx_word' id='word_1_79' title='bbox 1547 1181 1708 1231; x_wconf 88' lang='lat' dir='ltr'>super</span> <span class='ocrx_word' id='word_1_80' title='bbox 1748 1162 1894 1214; x_wconf 83' lang='lat' dir='ltr'>illam</span> <span class='ocrx_word' id='word_1_81' title='bbox 1938 1161 2111 1224; x_wconf 87' lang='lat' dir='ltr'>fidem,</span> <span class='ocrx_word' id='word_1_82' title='bbox 2162 1179 2316 1229; x_wconf 84' lang='lat' dir='ltr'>quam</span> <span class='ocrx_word' id='word_1_83' title='bbox 2362 1179 2489 1212; x_wconf 86' lang='lat' dir='ltr'>con-</span> 
     </span>
     <span class='ocr_line' id='line_1_12' title="bbox 442 1234 2490 1306; baseline -0.004 -14"><span class='ocrx_word' id='word_1_84' title='bbox 442 1242 612 1292; x_wconf 87' lang='lat' dir='ltr'>fessus</span> <span class='ocrx_word' id='word_1_85' title='bbox 671 1242 754 1291; x_wconf 90' lang='lat' dir='ltr'>est</span> <span class='ocrx_word' id='word_1_86' title='bbox 792 1237 1002 1301; x_wconf 75' lang='lat' dir='ltr'>Petrus,</span> <span class='ocrx_word' id='word_1_87' title='bbox 1063 1241 1115 1289; x_wconf 88' lang='lat' dir='ltr'>et</span> <span class='ocrx_word' id='word_1_88' title='bbox 1175 1257 1279 1306; x_wconf 87' lang='lat' dir='ltr'>qua</span> <span class='ocrx_word' id='word_1_89' title='bbox 1331 1237 1593 1290; x_wconf 87' lang='lat' dir='ltr'>credimus</span> <span class='ocrx_word' id='word_1_90' title='bbox 1651 1235 1835 1288; x_wconf 83' lang='lat' dir='ltr'>Jesum</span> <span class='ocrx_word' id='word_1_91' title='bbox 1884 1234 2082 1287; x_wconf 83' lang='lat' dir='ltr'>Filium</span> <span class='ocrx_word' id='word_1_92' title='bbox 2134 1234 2320 1286; x_wconf 78' lang='lat' dir='ltr'>Mariae</span> <span class='ocrx_word' id='word_1_93' title='bbox 2378 1252 2490 1285; x_wconf 86' lang='lat' dir='ltr'>esse</span> 
     </span>
     <span class='ocr_line' id='line_1_13' title="bbox 444 1309 2489 1380; baseline -0.005 -12"><span class='ocrx_word' id='word_1_94' title='bbox 444 1314 718 1368; x_wconf 88' lang='lat' dir='ltr'>Christum</span> <span class='ocrx_word' id='word_1_95' title='bbox 761 1312 958 1364; x_wconf 83' lang='lat' dir='ltr'>Filium</span> <span class='ocrx_word' id='word_1_96' title='bbox 1001 1311 1098 1364; x_wconf 84' lang='lat' dir='ltr'>Dei</span> <span class='ocrx_word' id='word_1_97' title='bbox 1134 1311 1257 1375; x_wconf 89' lang='lat' dir='ltr'>vivi,</span> <span class='ocrx_word' id='word_1_98' title='bbox 1300 1315 1354 1364; x_wconf 92' lang='lat' dir='ltr'>et</span> <span class='ocrx_word' id='word_1_99' title='bbox 1394 1312 1506 1364; x_wconf 66' lang='lat' dir='ltr'>hcec</span> <span class='ocrx_word' id='word_1_100' title='bbox 1547 1329 1658 1380; x_wconf 78' lang='lat' dir='ltr'>prae</span> <span class='ocrx_word' id='word_1_101' title='bbox 1698 1311 1946 1362; x_wconf 87' lang='lat' dir='ltr'>omnibus</span> <span class='ocrx_word' id='word_1_102' title='bbox 1986 1310 2146 1379; x_wconf 83' lang='lat' dir='ltr'>longe</span> <span class='ocrx_word' id='word_1_103' title='bbox 2187 1314 2267 1361; x_wconf 90' lang='lat' dir='ltr'>est</span> <span class='ocrx_word' id='word_1_104' title='bbox 2297 1309 2489 1360; x_wconf 87' lang='lat' dir='ltr'>solem-</span> 
     </span>
     <span class='ocr_line' id='line_1_14' title="bbox 445 1381 2492 1455; baseline -0.002 -15"><span class='ocrx_word' id='word_1_105' title='bbox 445 1388 666 1440; x_wconf 87' lang='lat' dir='ltr'>nissima</span> <span class='ocrx_word' id='word_1_106' title='bbox 706 1391 760 1440; x_wconf 91' lang='lat' dir='ltr'>et</span> <span class='ocrx_word' id='word_1_107' title='bbox 799 1387 939 1455; x_wconf 86' lang='lat' dir='ltr'>apud</span> <span class='ocrx_word' id='word_1_108' title='bbox 980 1386 1168 1438; x_wconf 85' lang='lat' dir='ltr'>Patres</span> <span class='ocrx_word' id='word_1_109' title='bbox 1208 1386 1564 1455; x_wconf 84' lang='lat' dir='ltr'>doctoresque</span> <span class='ocrx_word' id='word_1_110' title='bbox 1594 1385 1811 1437; x_wconf 82' lang='lat' dir='ltr'>Graecos</span> <span class='ocrx_word' id='word_1_111' title='bbox 1841 1389 1894 1437; x_wconf 87' lang='lat' dir='ltr'>et</span> <span class='ocrx_word' id='word_1_112' title='bbox 1922 1383 2144 1435; x_wconf 86' lang='lat' dir='ltr'>Latinos</span> <span class='ocrx_word' id='word_1_113' title='bbox 2174 1381 2492 1436; x_wconf 83' lang='lat' dir='ltr'>communis.</span> 
     </span>
     <span class='ocr_line' id='line_1_15' title="bbox 449 1457 2492 1529; baseline -0.004 -14"><span class='ocrx_word' id='word_1_114' title='bbox 449 1465 508 1515; x_wconf 79' lang='lat'>5⁰</span> <span class='ocrx_word' id='word_1_115' title='bbox 549 1462 843 1514; x_wconf 83' lang='lat' dir='ltr'>Ecclesiam</span> <span class='ocrx_word' id='word_1_116' title='bbox 884 1461 1135 1513; x_wconf 62' lang='lat' dir='ltr'>{edificari</span> <span class='ocrx_word' id='word_1_117' title='bbox 1189 1479 1349 1529; x_wconf 89' lang='lat' dir='ltr'>super</span> <span class='ocrx_word' id='word_1_118' title='bbox 1403 1479 1585 1512; x_wconf 86' lang='lat' dir='ltr'>omnes</span> <span class='ocrx_word' id='word_1_119' title='bbox 1638 1459 1837 1519; x_wconf 89' lang='lat' dir='ltr'>fideles,</span> <span class='ocrx_word' id='word_1_120' title='bbox 1898 1461 2162 1526; x_wconf 86' lang='lat' dir='ltr'>quatenus</span> <span class='ocrx_word' id='word_1_121' title='bbox 2217 1457 2492 1508; x_wconf 86' lang='lat' dir='ltr'>credentes</span> 
     </span>
     <span class='ocr_line' id='line_1_16' title="bbox 447 1531 2493 1606; baseline -0.004 -16"><span class='ocrx_word' id='word_1_122' title='bbox 447 1556 510 1590; x_wconf 84' lang='lat' dir='ltr'>ex</span> <span class='ocrx_word' id='word_1_123' title='bbox 549 1537 726 1606; x_wconf 82' lang='lat' dir='ltr'>gratia</span> <span class='ocrx_word' id='word_1_124' title='bbox 767 1536 1041 1588; x_wconf 85' lang='lat' dir='ltr'>Christum</span> <span class='ocrx_word' id='word_1_125' title='bbox 1082 1535 1279 1586; x_wconf 86' lang='lat' dir='ltr'>Filium</span> <span class='ocrx_word' id='word_1_126' title='bbox 1322 1535 1436 1599; x_wconf 89' lang='lat' dir='ltr'>Dei,</span> <span class='ocrx_word' id='word_1_127' title='bbox 1479 1535 1882 1587; x_wconf 81' lang='lat' dir='ltr'>constituantur</span> <span class='ocrx_word' id='word_1_128' title='bbox 1907 1531 2113 1600; x_wconf 89' lang='lat' dir='ltr'>lapides</span> <span class='ocrx_word' id='word_1_129' title='bbox 2142 1531 2268 1594; x_wconf 82' lang='lat' dir='ltr'>vivi,</span> <span class='ocrx_word' id='word_1_130' title='bbox 2299 1531 2493 1600; x_wconf 88' lang='lat' dir='ltr'>quibus</span> 
     </span>
     <span class='ocr_line' id='line_1_17' title="bbox 449 1605 2282 1678; baseline -0.003 -15"><span class='ocrx_word' id='word_1_131' title='bbox 449 1612 745 1664; x_wconf 77' lang='lat' dir='ltr'>aedificatur</span> <span class='ocrx_word' id='word_1_132' title='bbox 784 1611 886 1662; x_wconf 92' lang='lat' dir='ltr'>hoc</span> <span class='ocrx_word' id='word_1_133' title='bbox 927 1610 1110 1661; x_wconf 87' lang='lat' dir='ltr'>vivum</span> <span class='ocrx_word' id='word_1_134' title='bbox 1148 1610 1409 1678; x_wconf 90' lang='lat' dir='ltr'>templum</span> <span class='ocrx_word' id='word_1_135' title='bbox 1448 1609 1575 1661; x_wconf 68' lang='lat' dir='ltr'>Dei:</span> <span class='ocrx_word' id='word_1_136' title='bbox 1619 1609 1653 1660; x_wconf 91' lang='lat' dir='ltr'>i.</span> <span class='ocrx_word' id='word_1_137' title='bbox 1697 1627 1738 1662; x_wconf 92' lang='grc'>9.</span> <span class='ocrx_word' id='word_1_138' title='bbox 1783 1607 2022 1659; x_wconf 84' lang='lat' dir='ltr'>Ecclesia</span> <span class='ocrx_word' id='word_1_139' title='bbox 2062 1605 2282 1658; x_wconf 84' lang='lat' dir='ltr'>Christi.</span> 
     </span>
    </p>

    <p class='ocr_par' dir='ltr' id='par_1_4' title="bbox 450 1677 2511 3312">
     <span class='ocr_line' id='line_1_18' title="bbox 599 1677 2495 1752; baseline -0.004 -15"><span class='ocrx_word' id='word_1_140' title='bbox 599 1684 794 1737; x_wconf 86' lang='lat' dir='ltr'>Omnes</span> <span class='ocrx_word' id='word_1_141' title='bbox 835 1685 954 1737; x_wconf 81' lang='lat' dir='ltr'>istae</span> <span class='ocrx_word' id='word_1_142' title='bbox 994 1684 1473 1752; x_wconf 84' lang='lat' dir='ltr'>interpretationes</span> <span class='ocrx_word' id='word_1_143' title='bbox 1515 1701 1626 1735; x_wconf 88' lang='lat' dir='ltr'>sese</span> <span class='ocrx_word' id='word_1_144' title='bbox 1677 1702 1789 1735; x_wconf 90' lang='lat' dir='ltr'>nou</span> <span class='ocrx_word' id='word_1_145' title='bbox 1838 1681 2148 1742; x_wconf 75' lang='lat' dir='ltr'>excludunt,</span> <span class='ocrx_word' id='word_1_146' title='bbox 2201 1698 2313 1731; x_wconf 89' lang='lat' dir='ltr'>non</span> <span class='ocrx_word' id='word_1_147' title='bbox 2364 1677 2495 1731; x_wconf 90' lang='lat' dir='ltr'>sibi-</span> 
     </span>
     <span class='ocr_line' id='line_1_19' title="bbox 450 1754 2494 1828; baseline -0.004 -17"><span class='ocrx_word' id='word_1_148' title='bbox 450 1759 693 1828; x_wconf 85' lang='lat' dir='ltr'>metipsis</span> <span class='ocrx_word' id='word_1_149' title='bbox 733 1758 1142 1820; x_wconf 50' lang='lat' dir='ltr'>contradicunm</span> <span class='ocrx_word' id='word_1_150' title='bbox 1185 1758 1274 1810; x_wconf 88' lang='lat' dir='ltr'>sed</span> <span class='ocrx_word' id='word_1_151' title='bbox 1315 1763 1442 1811; x_wconf 89' lang='lat' dir='ltr'>sunt</span> <span class='ocrx_word' id='word_1_152' title='bbox 1483 1758 1679 1810; x_wconf 81' lang='lat' dir='ltr'>diversi</span> <span class='ocrx_word' id='word_1_153' title='bbox 1721 1761 1773 1809; x_wconf 92' lang='lat' dir='ltr'>et</span> <span class='ocrx_word' id='word_1_154' title='bbox 1813 1755 2141 1823; x_wconf 80' lang='lat' dir='ltr'>inadaequati</span> <span class='ocrx_word' id='word_1_155' title='bbox 2181 1754 2326 1806; x_wconf 88' lang='lat' dir='ltr'>modi</span> <span class='ocrx_word' id='word_1_156' title='bbox 2367 1772 2494 1805; x_wconf 90' lang='lat' dir='ltr'>con-</span> 
     </span>
     <span class='ocr_line' id='line_1_20' title="bbox 451 1829 2495 1902; baseline -0.003 -16"><span class='ocrx_word' id='word_1_157' title='bbox 451 1833 720 1886; x_wconf 87' lang='lat' dir='ltr'>siderandi</span> <span class='ocrx_word' id='word_1_158' title='bbox 761 1837 814 1886; x_wconf 87' lang='lat' dir='ltr'>et</span> <span class='ocrx_word' id='word_1_159' title='bbox 853 1832 1245 1902; x_wconf 86' lang='lat' dir='ltr'>interpretandi</span> <span class='ocrx_word' id='word_1_160' title='bbox 1289 1833 1481 1885; x_wconf 84' lang='lat' dir='ltr'>famosi</span> <span class='ocrx_word' id='word_1_161' title='bbox 1534 1831 1679 1883; x_wconf 90' lang='lat' dir='ltr'>illius</span> <span class='ocrx_word' id='word_1_162' title='bbox 1718 1835 1934 1892; x_wconf 84' lang='lat' dir='ltr'>textus3</span> <span class='ocrx_word' id='word_1_163' title='bbox 1989 1829 2213 1897; x_wconf 86' lang='lat' dir='ltr'>ideoque</span> <span class='ocrx_word' id='word_1_164' title='bbox 2266 1847 2391 1880; x_wconf 86' lang='lat' dir='ltr'>vera</span> <span class='ocrx_word' id='word_1_165' title='bbox 2443 1831 2495 1878; x_wconf 88' lang='lat' dir='ltr'>et</span> 
     </span>
     <span class='ocr_line' id='line_1_21' title="bbox 455 1902 2497 1976; baseline -0.004 -16"><span class='ocrx_word' id='word_1_166' title='bbox 455 1909 735 1976; x_wconf 74' lang='lat' dir='ltr'>adaequata</span> <span class='ocrx_word' id='word_1_167' title='bbox 775 1907 921 1959; x_wconf 89' lang='lat' dir='ltr'>illius</span> <span class='ocrx_word' id='word_1_168' title='bbox 961 1911 1142 1960; x_wconf 83' lang='lat' dir='ltr'>textus</span> <span class='ocrx_word' id='word_1_169' title='bbox 1184 1907 1583 1975; x_wconf 73' lang='lat' dir='ltr'>interpretatio,</span> <span class='ocrx_word' id='word_1_170' title='bbox 1633 1906 1727 1957; x_wconf 88' lang='lat' dir='ltr'>illa</span> <span class='ocrx_word' id='word_1_171' title='bbox 1768 1923 1887 1974; x_wconf 70' lang='lat' dir='ltr'>qua}</span> <span class='ocrx_word' id='word_1_172' title='bbox 1932 1907 2105 1956; x_wconf 87' lang='lat' dir='ltr'>totam</span> <span class='ocrx_word' id='word_1_173' title='bbox 2145 1902 2497 1956; x_wconf 85' lang='lat' dir='ltr'>traditionem</span> 
     </span>
     <span class='ocr_line' id='line_1_22' title="bbox 454 1976 2499 2051; baseline -0.004 -16"><span class='ocrx_word' id='word_1_174' title='bbox 454 1983 678 2035; x_wconf 80' lang='lat' dir='ltr'>Patrum</span> <span class='ocrx_word' id='word_1_175' title='bbox 718 1982 774 2033; x_wconf 89' lang='lat' dir='ltr'>in</span> <span class='ocrx_word' id='word_1_176' title='bbox 815 2000 870 2033; x_wconf 86' lang='lat' dir='ltr'>se</span> <span class='ocrx_word' id='word_1_177' title='bbox 911 1981 1306 2050; x_wconf 78' lang='lat' dir='ltr'>complectitur,</span> <span class='ocrx_word' id='word_1_178' title='bbox 1350 1982 1442 2033; x_wconf 87' lang='lat' dir='ltr'>illa</span> <span class='ocrx_word' id='word_1_179' title='bbox 1465 2000 1584 2051; x_wconf 73' lang='lat' dir='ltr'>quae</span> <span class='ocrx_word' id='word_1_180' title='bbox 1612 1980 1904 2032; x_wconf 82' lang='lat' dir='ltr'>secundum</span> <span class='ocrx_word' id='word_1_181' title='bbox 1932 1996 2191 2030; x_wconf 82' lang='lat' dir='ltr'>canonem</span> <span class='ocrx_word' id='word_1_182' title='bbox 2218 1976 2499 2030; x_wconf 51' lang='grc'><strong>9911101199).</strong></span> 
     </span>
     <span class='ocr_line' id='line_1_23' title="bbox 452 2051 2500 2125; baseline -0.003 -17"><span class='ocrx_word' id='word_1_183' title='bbox 452 2056 925 2125; x_wconf 89' lang='lat' dir='ltr'>interpretationis</span> <span class='ocrx_word' id='word_1_184' title='bbox 967 2060 1047 2108; x_wconf 86' lang='lat' dir='ltr'>est</span> <span class='ocrx_word' id='word_1_185' title='bbox 1086 2074 1354 2124; x_wconf 85' lang='lat' dir='ltr'>expressa,</span> <span class='ocrx_word' id='word_1_186' title='bbox 1396 2057 1500 2109; x_wconf 92' lang='lat' dir='ltr'>erit</span> <span class='ocrx_word' id='word_1_187' title='bbox 1540 2056 1651 2118; x_wconf 87' lang='lat' dir='ltr'>illa,</span> <span class='ocrx_word' id='word_1_188' title='bbox 1706 2073 1826 2123; x_wconf 64' lang='lat' dir='ltr'>quae</span> <span class='ocrx_word' id='word_1_189' title='bbox 1866 2070 2049 2105; x_wconf 90' lang='lat' dir='ltr'>omnes</span> <span class='ocrx_word' id='word_1_190' title='bbox 2090 2051 2222 2103; x_wconf 87' lang='lat' dir='ltr'>istas</span> <span class='ocrx_word' id='word_1_191' title='bbox 2263 2051 2500 2119; x_wconf 82' lang='lat' dir='ltr'>quinque</span> 
     </span>
     <span class='ocr_line' id='line_1_24' title="bbox 453 2125 2498 2199; baseline -0.004 -17"><span class='ocrx_word' id='word_1_192' title='bbox 453 2131 932 2199; x_wconf 84' lang='lat' dir='ltr'>interpretationes</span> <span class='ocrx_word' id='word_1_193' title='bbox 973 2130 1242 2193; x_wconf 84' lang='grc'><strong>9011911191,</strong></span> <span class='ocrx_word' id='word_1_194' title='bbox 1286 2149 1467 2182; x_wconf 87' lang='grc'><strong>01111193</strong></span> <span class='ocrx_word' id='word_1_195' title='bbox 1507 2129 1817 2182; x_wconf 81' lang='lat' dir='ltr'>harmonice</span> <span class='ocrx_word' id='word_1_196' title='bbox 1858 2127 2108 2196; x_wconf 84' lang='lat' dir='ltr'>explicat,</span> <span class='ocrx_word' id='word_1_197' title='bbox 2150 2131 2204 2178; x_wconf 87' lang='lat' dir='ltr'>et</span> <span class='ocrx_word' id='word_1_198' title='bbox 2243 2125 2299 2176; x_wconf 89' lang='lat' dir='ltr'>in</span> <span class='ocrx_word' id='word_1_199' title='bbox 2341 2143 2498 2176; x_wconf 79' lang='lat' dir='ltr'>una-iu</span> 
     </span>
     <span class='ocr_line' id='line_1_25' title="bbox 456 2198 2501 2270; baseline -0.004 -13"><span class='ocrx_word' id='word_1_200' title='bbox 456 2205 713 2258; x_wconf 74' lang='lat' dir='ltr'>retundit.</span> <span class='ocrx_word' id='word_1_201' title='bbox 791 2203 914 2256; x_wconf 81' lang='lat' dir='ltr'>Jam</span> <span class='ocrx_word' id='word_1_202' title='bbox 955 2223 1081 2256; x_wconf 83' lang='lat' dir='ltr'>vero</span> <span class='ocrx_word' id='word_1_203' title='bbox 1119 2207 1356 2270; x_wconf 67' lang='lat' dir='ltr'>primum</span> <span class='ocrx_word' id='word_1_204' title='bbox 1382 2205 1793 2257; x_wconf 87' lang='lat' dir='ltr'>fundamentum</span> <span class='ocrx_word' id='word_1_205' title='bbox 1823 2201 2091 2263; x_wconf 61' lang='lat' dir='ltr'>Ecclesiae,</span> <span class='ocrx_word' id='word_1_206' title='bbox 2135 2203 2332 2268; x_wconf 72' lang='lat' dir='ltr'>praeter</span> <span class='ocrx_word' id='word_1_207' title='bbox 2361 2198 2501 2267; x_wconf 88' lang='lat' dir='ltr'>quod</span> 
     </span>
     <span class='ocr_line' id='line_1_26' title="bbox 456 2273 2499 2348; baseline -0.004 -17"><span class='ocrx_word' id='word_1_208' title='bbox 456 2299 611 2331; x_wconf 85' lang='lat' dir='ltr'>nemo</span> <span class='ocrx_word' id='word_1_209' title='bbox 666 2278 811 2330; x_wconf 87' lang='lat' dir='ltr'>aliud</span> <span class='ocrx_word' id='word_1_210' title='bbox 867 2282 1046 2347; x_wconf 87' lang='lat' dir='ltr'>potest</span> <span class='ocrx_word' id='word_1_211' title='bbox 1099 2298 1317 2348; x_wconf 87' lang='lat' dir='ltr'>ponere,</span> <span class='ocrx_word' id='word_1_212' title='bbox 1374 2283 1454 2331; x_wconf 91' lang='lat' dir='ltr'>est</span> <span class='ocrx_word' id='word_1_213' title='bbox 1505 2278 1660 2331; x_wconf 70' lang='grc' dir='ltr'>ι193113</span> <span class='ocrx_word' id='word_1_214' title='bbox 1714 2277 1984 2339; x_wconf 88' lang='lat' dir='ltr'>Christus,</span> <span class='ocrx_word' id='word_1_215' title='bbox 2042 2279 2103 2327; x_wconf 93' lang='lat' dir='ltr'>ut</span> <span class='ocrx_word' id='word_1_216' title='bbox 2154 2273 2289 2326; x_wconf 91' lang='lat' dir='ltr'>dicit</span> <span class='ocrx_word' id='word_1_217' title='bbox 2341 2273 2499 2325; x_wconf 79' lang='lat' dir='ltr'>tertia</span> 
     </span>
     <span class='ocr_line' id='line_1_27' title="bbox 456 2346 2503 2418; baseline -0.004 -13"><span class='ocrx_word' id='word_1_218' title='bbox 456 2353 742 2406; x_wconf 85' lang='lat' dir='ltr'>sententia.</span> <span class='ocrx_word' id='word_1_219' title='bbox 841 2354 1087 2406; x_wconf 74' lang='lat' dir='ltr'>Alterum</span> <span class='ocrx_word' id='word_1_220' title='bbox 1140 2354 1550 2406; x_wconf 84' lang='lat' dir='ltr'>fundamentum</span> <span class='ocrx_word' id='word_1_221' title='bbox 1604 2351 1774 2404; x_wconf 84' lang='lat' dir='ltr'>veluti</span> <span class='ocrx_word' id='word_1_222' title='bbox 1828 2350 2070 2412; x_wconf 86' lang='lat' dir='ltr'>formale,</span> <span class='ocrx_word' id='word_1_223' title='bbox 2127 2367 2232 2418; x_wconf 89' lang='grc'><strong>(1110</strong></span> <span class='ocrx_word' id='word_1_224' title='bbox 2289 2346 2503 2399; x_wconf 85' lang='lat' dir='ltr'>Christo</span> 
     </span>
     <span class='ocr_line' id='line_1_28' title="bbox 458 2421 2502 2497; baseline -0.005 -15"><span class='ocrx_word' id='word_1_225' title='bbox 458 2427 866 2490; x_wconf 80' lang='lat' dir='ltr'>coaedificamur,</span> <span class='ocrx_word' id='word_1_226' title='bbox 909 2431 990 2480; x_wconf 89' lang='lat' dir='ltr'>est</span> <span class='ocrx_word' id='word_1_227' title='bbox 1030 2428 1159 2479; x_wconf 89' lang='lat' dir='ltr'>fides</span> <span class='ocrx_word' id='word_1_228' title='bbox 1200 2428 1310 2492; x_wconf 90' lang='lat' dir='ltr'>illa,</span> <span class='ocrx_word' id='word_1_229' title='bbox 1352 2447 1456 2497; x_wconf 86' lang='lat' dir='ltr'>qua</span> <span class='ocrx_word' id='word_1_230' title='bbox 1496 2428 1777 2488; x_wconf 90' lang='lat' dir='ltr'>credimus,</span> <span class='ocrx_word' id='word_1_231' title='bbox 1819 2425 2093 2479; x_wconf 87' lang='lat' dir='ltr'>Christum</span> <span class='ocrx_word' id='word_1_232' title='bbox 2147 2441 2257 2474; x_wconf 89' lang='lat' dir='ltr'>esse</span> <span class='ocrx_word' id='word_1_233' title='bbox 2306 2421 2502 2474; x_wconf 83' lang='lat' dir='ltr'>Filium</span> 
     </span>
     <span class='ocr_line' id='line_1_29' title="bbox 460 2497 2507 2566; baseline -0.004 -12"><span class='ocrx_word' id='word_1_234' title='bbox 460 2502 590 2564; x_wconf 87' lang='lat' dir='ltr'>Dei;</span> <span class='ocrx_word' id='word_1_235' title='bbox 630 2502 744 2554; x_wconf 81' lang='lat' dir='ltr'>haec</span> <span class='ocrx_word' id='word_1_236' title='bbox 784 2502 914 2554; x_wconf 89' lang='lat' dir='ltr'>fides</span> <span class='ocrx_word' id='word_1_237' title='bbox 955 2505 1036 2554; x_wconf 88' lang='lat' dir='ltr'>est</span> <span class='ocrx_word' id='word_1_238' title='bbox 1062 2502 1204 2554; x_wconf 88' lang='lat' dir='ltr'>basis</span> <span class='ocrx_word' id='word_1_239' title='bbox 1233 2506 1286 2554; x_wconf 88' lang='lat' dir='ltr'>et</span> <span class='ocrx_word' id='word_1_240' title='bbox 1312 2502 1722 2554; x_wconf 84' lang='lat' dir='ltr'>fundamentum</span> <span class='ocrx_word' id='word_1_241' title='bbox 1750 2499 2019 2561; x_wconf 70' lang='lat' dir='ltr'>Ecclesiae,</span> <span class='ocrx_word' id='word_1_242' title='bbox 2062 2502 2122 2549; x_wconf 86' lang='lat' dir='ltr'>ut</span> <span class='ocrx_word' id='word_1_243' title='bbox 2155 2497 2287 2549; x_wconf 89' lang='lat' dir='ltr'>dicit</span> <span class='ocrx_word' id='word_1_244' title='bbox 2315 2498 2507 2566; x_wconf 87' lang='lat' dir='ltr'>quarta</span> 
     </span>
     <span class='ocr_line' id='line_1_30' title="bbox 460 2570 2507 2641; baseline -0.005 -11"><span class='ocrx_word' id='word_1_245' title='bbox 460 2576 852 2630; x_wconf 88' lang='lat' dir='ltr'>solemnissima</span> <span class='ocrx_word' id='word_1_246' title='bbox 890 2575 1175 2628; x_wconf 90' lang='lat' dir='ltr'>sententia.</span> <span class='ocrx_word' id='word_1_247' title='bbox 1261 2575 1437 2628; x_wconf 75' lang='lat' dir='ltr'>Tertio</span> <span class='ocrx_word' id='word_1_248' title='bbox 1487 2594 1669 2627; x_wconf 84' lang='lat' dir='ltr'>omnes</span> <span class='ocrx_word' id='word_1_249' title='bbox 1723 2574 1920 2636; x_wconf 87' lang='lat' dir='ltr'>fideles,</span> <span class='ocrx_word' id='word_1_250' title='bbox 1976 2572 2068 2641; x_wconf 89' lang='lat' dir='ltr'>qui</span> <span class='ocrx_word' id='word_1_251' title='bbox 2117 2571 2318 2623; x_wconf 84' lang='lat' dir='ltr'>habent</span> <span class='ocrx_word' id='word_1_252' title='bbox 2373 2570 2507 2621; x_wconf 89' lang='lat' dir='ltr'>hanc</span> 
     </span>
     <span class='ocr_line' id='line_1_31' title="bbox 462 2643 2507 2716; baseline -0.004 -13"><span class='ocrx_word' id='word_1_253' title='bbox 462 2650 636 2714; x_wconf 86' lang='lat' dir='ltr'>fidem,</span> <span class='ocrx_word' id='word_1_254' title='bbox 680 2650 896 2703; x_wconf 82' lang='lat' dir='ltr'>Christo</span> <span class='ocrx_word' id='word_1_255' title='bbox 939 2649 1292 2712; x_wconf 79' lang='lat' dir='ltr'>aedificantur,</span> <span class='ocrx_word' id='word_1_256' title='bbox 1335 2649 1484 2702; x_wconf 88' lang='lat' dir='ltr'>velut</span> <span class='ocrx_word' id='word_1_257' title='bbox 1511 2649 1619 2699; x_wconf 88' lang='lat' dir='ltr'>vivi</span> <span class='ocrx_word' id='word_1_258' title='bbox 1646 2647 1868 2716; x_wconf 73' lang='lat' dir='ltr'>lapides,</span> <span class='ocrx_word' id='word_1_259' title='bbox 1910 2665 1972 2697; x_wconf 86' lang='lat' dir='ltr'>ex</span> <span class='ocrx_word' id='word_1_260' title='bbox 2000 2645 2194 2714; x_wconf 87' lang='lat' dir='ltr'>quibus</span> <span class='ocrx_word' id='word_1_261' title='bbox 2224 2643 2507 2713; x_wconf 86' lang='lat' dir='ltr'>consurgit</span> 
     </span>
     <span class='ocr_line' id='line_1_32' title="bbox 463 2718 2505 2794; baseline -0.005 -16"><span class='ocrx_word' id='word_1_262' title='bbox 463 2719 724 2794; x_wconf 84' lang='lat' dir='ltr'>templum</span> <span class='ocrx_word' id='word_1_263' title='bbox 782 2724 966 2776; x_wconf 89' lang='lat' dir='ltr'>vivum</span> <span class='ocrx_word' id='word_1_264' title='bbox 1025 2723 1279 2776; x_wconf 67' lang='lat' dir='ltr'>Ecclesiae</span> <span class='ocrx_word' id='word_1_265' title='bbox 1334 2723 1459 2786; x_wconf 89' lang='lat' dir='ltr'>Dei,</span> <span class='ocrx_word' id='word_1_266' title='bbox 1528 2727 1582 2775; x_wconf 91' lang='lat' dir='ltr'>et</span> <span class='ocrx_word' id='word_1_267' title='bbox 1640 2740 1765 2773; x_wconf 84' lang='lat' dir='ltr'>vera</span> <span class='ocrx_word' id='word_1_268' title='bbox 1823 2725 1904 2772; x_wconf 84' lang='lat' dir='ltr'>est</span> <span class='ocrx_word' id='word_1_269' title='bbox 1963 2719 2154 2788; x_wconf 90' lang='lat' dir='ltr'>quinta</span> <span class='ocrx_word' id='word_1_270' title='bbox 2219 2718 2505 2771; x_wconf 86' lang='lat' dir='ltr'>sententia.</span> 
     </span>
     <span class='ocr_line' id='line_1_33' title="bbox 469 2792 2505 2867; baseline -0.006 -14"><span class='ocrx_word' id='word_1_271' title='bbox 469 2801 670 2867; x_wconf 74' lang='lat' dir='ltr'>Quarto</span> <span class='ocrx_word' id='word_1_272' title='bbox 721 2798 1086 2861; x_wconf 88' lang='lat' dir='ltr'>fundamenta,</span> <span class='ocrx_word' id='word_1_273' title='bbox 1141 2798 1431 2861; x_wconf 62' lang='grc'><strong>901111111119,</strong></span> <span class='ocrx_word' id='word_1_274' title='bbox 1486 2796 1679 2865; x_wconf 87' lang='lat' dir='ltr'>quibus</span> <span class='ocrx_word' id='word_1_275' title='bbox 1733 2794 2009 2846; x_wconf 88' lang='lat' dir='ltr'>insistitur</span> <span class='ocrx_word' id='word_1_276' title='bbox 2060 2792 2326 2854; x_wconf 86' lang='lat' dir='ltr'>Ecclesia,</span> <span class='ocrx_word' id='word_1_277' title='bbox 2381 2795 2505 2842; x_wconf 88' lang='lat' dir='ltr'>sunt</span> 
     </span>
     <span class='ocr_line' id='line_1_34' title="bbox 464 2864 2506 2944; baseline -0.006 -18"><span class='ocrx_word' id='word_1_278' title='bbox 464 2878 724 2944; x_wconf 82' lang='lat' dir='ltr'>pastoreS‚</span> <span class='ocrx_word' id='word_1_279' title='bbox 746 2873 994 2944; x_wconf 86' lang='lat' dir='ltr'>magistri</span> <span class='ocrx_word' id='word_1_280' title='bbox 1020 2871 1158 2935; x_wconf 89' lang='lat' dir='ltr'>fidei,</span> <span class='ocrx_word' id='word_1_281' title='bbox 1190 2871 1459 2940; x_wconf 80' lang='lat' dir='ltr'>Episcopi,</span> <span class='ocrx_word' id='word_1_282' title='bbox 1488 2870 1758 2939; x_wconf 86' lang='lat' dir='ltr'>Apostoli,</span> <span class='ocrx_word' id='word_1_283' title='bbox 1787 2869 1850 2920; x_wconf 90' lang='lat' dir='ltr'>de</span> <span class='ocrx_word' id='word_1_284' title='bbox 1872 2868 2066 2937; x_wconf 85' lang='lat' dir='ltr'>quibus</span> <span class='ocrx_word' id='word_1_285' title='bbox 2093 2866 2170 2918; x_wconf 84' lang='lat' dir='ltr'>ait</span> <span class='ocrx_word' id='word_1_286' title='bbox 2194 2864 2506 2934; x_wconf 80' lang='lat' dir='ltr'>Apostolus,</span> 
     </span>
     <span class='ocr_line' id='line_1_35' title="bbox 465 2940 2507 3015; baseline -0.005 -13"><span class='ocrx_word' id='word_1_287' title='bbox 465 2946 899 3015; x_wconf 61' lang='lat' dir='ltr'>superaedificati</span> <span class='ocrx_word' id='word_1_288' title='bbox 950 2965 1112 3014; x_wconf 74' lang='lat' dir='ltr'>super</span> <span class='ocrx_word' id='word_1_289' title='bbox 1158 2947 1570 3012; x_wconf 70' lang='lat' dir='ltr'>fundomewtmn</span> <span class='ocrx_word' id='word_1_290' title='bbox 1611 2944 1989 3010; x_wconf 71' lang='lat' dir='ltr'>Apostolorum</span> <span class='ocrx_word' id='word_1_291' title='bbox 2045 2947 2094 2994; x_wconf 80' lang='lat' dir='ltr'>ct</span> <span class='ocrx_word' id='word_1_292' title='bbox 2124 2940 2507 3006; x_wconf 67' lang='lat' dir='ltr'>proplectmwm</span> 
     </span>
     <span class='ocr_line' id='line_1_36' title="bbox 466 3013 2505 3090; baseline -0.005 -16"><span class='ocrx_word' id='word_1_293' title='bbox 466 3025 580 3089; x_wconf 59' lang='lat' dir='ltr'>&gt;ipso</span> <span class='ocrx_word' id='word_1_294' title='bbox 620 3023 874 3090; x_wconf 64' lang='lat' dir='ltr'>anqulari</span> <span class='ocrx_word' id='word_1_295' title='bbox 913 3021 1092 3088; x_wconf 72' lang='lat' dir='ltr'>lapide</span> <span class='ocrx_word' id='word_1_296' title='bbox 1136 3019 1350 3073; x_wconf 73' lang='lat' dir='ltr'>Christo</span> <span class='ocrx_word' id='word_1_297' title='bbox 1389 3019 1535 3082; x_wconf 71' lang='lat' dir='ltr'>Jesn,</span> <span class='ocrx_word' id='word_1_298' title='bbox 1579 3024 1634 3071; x_wconf 90' lang='lat' dir='ltr'>et</span> <span class='ocrx_word' id='word_1_299' title='bbox 1674 3037 1799 3070; x_wconf 74' lang='lat' dir='ltr'>vera</span> <span class='ocrx_word' id='word_1_300' title='bbox 1837 3020 1917 3069; x_wconf 87' lang='lat' dir='ltr'>est</span> <span class='ocrx_word' id='word_1_301' title='bbox 1957 3015 2190 3068; x_wconf 87' lang='lat' dir='ltr'>secunda</span> <span class='ocrx_word' id='word_1_302' title='bbox 2218 3013 2505 3066; x_wconf 83' lang='lat' dir='ltr'>sententia.</span> 
     </span>
     <span class='ocr_line' id='line_1_37' title="bbox 472 3090 2511 3165; baseline -0.005 -16"><span class='ocrx_word' id='word_1_303' title='bbox 472 3097 663 3162; x_wconf 74' lang='lat' dir='ltr'>Quinto</span> <span class='ocrx_word' id='word_1_304' title='bbox 703 3096 1112 3149; x_wconf 90' lang='lat' dir='ltr'>fundamentum</span> <span class='ocrx_word' id='word_1_305' title='bbox 1151 3095 1484 3165; x_wconf 67' lang='lat' dir='ltr'>przccipuum</span> <span class='ocrx_word' id='word_1_306' title='bbox 1525 3098 1578 3146; x_wconf 90' lang='lat' dir='ltr'>et</span> <span class='ocrx_word' id='word_1_307' title='bbox 1618 3110 1897 3162; x_wconf 90' lang='lat' dir='ltr'>supremus</span> <span class='ocrx_word' id='word_1_308' title='bbox 1950 3090 2093 3143; x_wconf 87' lang='lat' dir='ltr'>inter</span> <span class='ocrx_word' id='word_1_309' title='bbox 2135 3093 2379 3158; x_wconf 87' lang='lat' dir='ltr'>pastores</span> <span class='ocrx_word' id='word_1_310' title='bbox 2431 3091 2511 3138; x_wconf 78' lang='lat' dir='ltr'>est</span> 
     </span>
     <span class='ocr_line' id='line_1_38' title="bbox 473 3161 2510 3240; baseline -0.005 -19"><span class='ocrx_word' id='word_1_311' title='bbox 473 3170 680 3235; x_wconf 76' lang='lat' dir='ltr'>Petrus,</span> <span class='ocrx_word' id='word_1_312' title='bbox 732 3189 893 3240; x_wconf 89' lang='lat' dir='ltr'>super</span> <span class='ocrx_word' id='word_1_313' title='bbox 942 3190 1049 3240; x_wconf 92' lang='lat' dir='ltr'>quo</span> <span class='ocrx_word' id='word_1_314' title='bbox 1101 3169 1326 3240; x_wconf 88' lang='lat' dir='ltr'>proinde</span> <span class='ocrx_word' id='word_1_315' title='bbox 1377 3167 1750 3238; x_wconf 85' lang='lat' dir='ltr'>principaliter</span> <span class='ocrx_word' id='word_1_316' title='bbox 1805 3183 1917 3235; x_wconf 80' lang='lat' dir='ltr'>prae</span> <span class='ocrx_word' id='word_1_317' title='bbox 1970 3164 2179 3217; x_wconf 63' lang='lat' dir='ltr'>caeteris</span> <span class='ocrx_word' id='word_1_318' title='bbox 2229 3161 2510 3231; x_wconf 86' lang='lat' dir='ltr'>Apostolis</span> 
     </span>
     <span class='ocr_line' id='line_1_39' title="bbox 473 3239 1962 3312; baseline -0.003 -17"><span class='ocrx_word' id='word_1_319' title='bbox 473 3244 764 3296; x_wconf 77' lang='lat' dir='ltr'>aedificatur</span> <span class='ocrx_word' id='word_1_320' title='bbox 805 3244 1060 3309; x_wconf 87' lang='lat' dir='ltr'>Ecclesia,</span> <span class='ocrx_word' id='word_1_321' title='bbox 1103 3249 1157 3298; x_wconf 89' lang='lat' dir='ltr'>et</span> <span class='ocrx_word' id='word_1_322' title='bbox 1196 3263 1321 3296; x_wconf 86' lang='lat' dir='ltr'>vera</span> <span class='ocrx_word' id='word_1_323' title='bbox 1360 3247 1441 3296; x_wconf 87' lang='lat' dir='ltr'>est</span> <span class='ocrx_word' id='word_1_324' title='bbox 1479 3243 1652 3312; x_wconf 90' lang='lat' dir='ltr'>prima</span> <span class='ocrx_word' id='word_1_325' title='bbox 1691 3239 1962 3294; x_wconf 84' lang='lat' dir='ltr'>sententia</span> 
     </span>
    </p>

    <p class='ocr_par' dir='ltr' id='par_1_5' title="bbox 474 3309 2515 3758">
     <span class='ocr_line' id='line_1_40' title="bbox 623 3309 2509 3386; baseline -0.004 -17"><span class='ocrx_word' id='word_1_326' title='bbox 623 3317 854 3386; x_wconf 90' lang='lat' dir='ltr'>Ideoque</span> <span class='ocrx_word' id='word_1_327' title='bbox 902 3319 1018 3371; x_wconf 78' lang='lat' dir='ltr'>haec</span> <span class='ocrx_word' id='word_1_328' title='bbox 1071 3319 1306 3372; x_wconf 85' lang='lat' dir='ltr'>efficitur</span> <span class='ocrx_word' id='word_1_329' title='bbox 1358 3318 1638 3386; x_wconf 78' lang='lat' dir='ltr'>adaequata</span> <span class='ocrx_word' id='word_1_330' title='bbox 1691 3319 1746 3368; x_wconf 90' lang='lat' dir='ltr'>et</span> <span class='ocrx_word' id='word_1_331' title='bbox 1796 3311 2061 3366; x_wconf 90' lang='lat' dir='ltr'>catholica</span> <span class='ocrx_word' id='word_1_332' title='bbox 2114 3309 2509 3380; x_wconf 81' lang='lat' dir='ltr'>interpretatio,</span> 
     </span>
     <span class='ocr_line' id='line_1_41' title="bbox 475 3385 2511 3460; baseline -0.004 -16"><span class='ocrx_word' id='word_1_333' title='bbox 475 3390 551 3444; x_wconf 82' lang='lat' dir='ltr'>Et</span> <span class='ocrx_word' id='word_1_334' title='bbox 589 3409 680 3459; x_wconf 72' lang='lat'>690</span> <span class='ocrx_word' id='word_1_335' title='bbox 720 3393 836 3444; x_wconf 79' lang='lat' dir='ltr'>dico</span> <span class='ocrx_word' id='word_1_336' title='bbox 877 3393 991 3455; x_wconf 71' lang='lat' dir='ltr'>tib-i,</span> <span class='ocrx_word' id='word_1_337' title='bbox 1032 3395 1158 3460; x_wconf 77' lang='lat' dir='ltr'>quia</span> <span class='ocrx_word' id='word_1_338' title='bbox 1200 3397 1256 3446; x_wconf 77' lang='lat' dir='ltr'>tu</span> <span class='ocrx_word' id='word_1_339' title='bbox 1295 3409 1349 3445; x_wconf 79' lang='lat' dir='ltr'>es</span> <span class='ocrx_word' id='word_1_340' title='bbox 1389 3391 1602 3455; x_wconf 55' lang='lat' dir='ltr'>Petra-5¹,</span> <span class='ocrx_word' id='word_1_341' title='bbox 1645 3395 1692 3443; x_wconf 75' lang='lat' dir='ltr'>et</span> <span class='ocrx_word' id='word_1_342' title='bbox 1729 3407 1888 3455; x_wconf 66' lang='lat' dir='ltr'>super</span> <span class='ocrx_word' id='word_1_343' title='bbox 1932 3387 2065 3439; x_wconf 73' lang='lat' dir='ltr'>hanc</span> <span class='ocrx_word' id='word_1_344' title='bbox 2099 3390 2339 3452; x_wconf 68' lang='lat' dir='ltr'>petram:</span> <span class='ocrx_word' id='word_1_345' title='bbox 2390 3385 2424 3436; x_wconf 90' lang='lat' dir='ltr'>i.</span> <span class='ocrx_word' id='word_1_346' title='bbox 2467 3401 2511 3435; x_wconf 90' lang='grc'>9.</span> 
     </span>
     <span class='ocr_line' id='line_1_42' title="bbox 475 3459 2515 3536; baseline -0.005 -17"><span class='ocrx_word' id='word_1_347' title='bbox 475 3484 634 3535; x_wconf 86' lang='lat' dir='ltr'>super</span> <span class='ocrx_word' id='word_1_348' title='bbox 672 3469 744 3529; x_wconf 88' lang='lat' dir='ltr'>te,</span> <span class='ocrx_word' id='word_1_349' title='bbox 785 3465 878 3535; x_wconf 91' lang='lat' dir='ltr'>qui</span> <span class='ocrx_word' id='word_1_350' title='bbox 918 3470 979 3519; x_wconf 90' lang='lat' dir='ltr'>ut</span> <span class='ocrx_word' id='word_1_351' title='bbox 1017 3467 1250 3536; x_wconf 90' lang='lat' dir='ltr'>primum</span> <span class='ocrx_word' id='word_1_352' title='bbox 1289 3470 1342 3520; x_wconf 88' lang='lat' dir='ltr'>et</span> <span class='ocrx_word' id='word_1_353' title='bbox 1382 3465 1680 3536; x_wconf 86' lang='lat' dir='ltr'>principale</span> <span class='ocrx_word' id='word_1_354' title='bbox 1703 3461 2131 3524; x_wconf 85' lang='lat' dir='ltr'>fundamentum,</span> <span class='ocrx_word' id='word_1_355' title='bbox 2170 3459 2277 3512; x_wconf 84' lang='lat' dir='ltr'>alia</span> <span class='ocrx_word' id='word_1_356' title='bbox 2303 3475 2515 3528; x_wconf 89' lang='lat' dir='ltr'>quoque</span> 
     </span>
     <span class='ocr_line' id='line_1_43' title="bbox 476 3534 2514 3609; baseline -0.006 -16"><span class='ocrx_word' id='word_1_357' title='bbox 476 3543 831 3609; x_wconf 77' lang='lat' dir='ltr'>repraesentas</span> <span class='ocrx_word' id='word_1_358' title='bbox 868 3539 1079 3592; x_wconf 85' lang='lat' dir='ltr'>minora</span> <span class='ocrx_word' id='word_1_359' title='bbox 1117 3541 1483 3605; x_wconf 85' lang='lat' dir='ltr'>fundamenta,</span> <span class='ocrx_word' id='word_1_360' title='bbox 1524 3538 1818 3609; x_wconf 87' lang='lat' dir='ltr'>Apostolos</span> <span class='ocrx_word' id='word_1_361' title='bbox 1845 3536 2041 3589; x_wconf 86' lang='lat' dir='ltr'>fratres</span> <span class='ocrx_word' id='word_1_362' title='bbox 2075 3538 2231 3587; x_wconf 90' lang='lat' dir='ltr'>tuos:</span> <span class='ocrx_word' id='word_1_363' title='bbox 2273 3549 2433 3601; x_wconf 86' lang='lat' dir='ltr'>super</span> <span class='ocrx_word' id='word_1_364' title='bbox 2461 3534 2514 3583; x_wconf 88' lang='lat' dir='ltr'>te</span> 
     </span>
     <span class='ocr_line' id='line_1_44' title="bbox 479 3607 2514 3685; baseline -0.005 -17"><span class='ocrx_word' id='word_1_365' title='bbox 479 3617 640 3684; x_wconf 89' lang='lat' dir='ltr'>caput</span> <span class='ocrx_word' id='word_1_366' title='bbox 678 3631 947 3684; x_wconf 88' lang='lat' dir='ltr'>superque</span> <span class='ocrx_word' id='word_1_367' title='bbox 984 3614 1105 3666; x_wconf 88' lang='lat' dir='ltr'>aliis</span> <span class='ocrx_word' id='word_1_368' title='bbox 1145 3613 1442 3683; x_wconf 87' lang='lat' dir='ltr'>Apostolis,</span> <span class='ocrx_word' id='word_1_369' title='bbox 1494 3614 1587 3685; x_wconf 88' lang='lat' dir='ltr'>qui</span> <span class='ocrx_word' id='word_1_370' title='bbox 1640 3616 1704 3667; x_wconf 88' lang='lat' dir='ltr'>ut</span> <span class='ocrx_word' id='word_1_371' title='bbox 1741 3610 1978 3664; x_wconf 86' lang='lat' dir='ltr'>membra</span> <span class='ocrx_word' id='word_1_372' title='bbox 2014 3608 2117 3662; x_wconf 89' lang='lat' dir='ltr'>tibi</span> <span class='ocrx_word' id='word_1_373' title='bbox 2168 3607 2336 3677; x_wconf 88' lang='lat' dir='ltr'>capiti</span> <span class='ocrx_word' id='word_1_374' title='bbox 2385 3623 2514 3658; x_wconf 90' lang='lat' dir='ltr'>con-</span> 
     </span>
     <span class='ocr_line' id='line_1_45' title="bbox 474 3678 2515 3758; baseline -0.005 -17"><span class='ocrx_word' id='word_1_375' title='bbox 474 3689 652 3758; x_wconf 88' lang='lat' dir='ltr'>juncti</span> <span class='ocrx_word' id='word_1_376' title='bbox 692 3686 1098 3758; x_wconf 85' lang='lat' dir='ltr'>intelliguntur,</span> <span class='ocrx_word' id='word_1_377' title='bbox 1140 3707 1369 3757; x_wconf 88' lang='lat' dir='ltr'>quorum</span> <span class='ocrx_word' id='word_1_378' title='bbox 1408 3688 1564 3741; x_wconf 89' lang='lat' dir='ltr'>fidem</span> <span class='ocrx_word' id='word_1_379' title='bbox 1595 3691 1655 3741; x_wconf 88' lang='lat' dir='ltr'>ut</span> <span class='ocrx_word' id='word_1_380' title='bbox 1681 3705 1740 3740; x_wconf 87' lang='lat' dir='ltr'>os</span> <span class='ocrx_word' id='word_1_381' title='bbox 1767 3683 2160 3754; x_wconf 86' lang='lat' dir='ltr'>Apostolorum</span> <span class='ocrx_word' id='word_1_382' title='bbox 2187 3678 2515 3751; x_wconf 86' lang='lat' dir='ltr'>expressisti,</span> 
     </span>
    </p>
   </div>
   <div class='ocr_carea' id='block_1_3' title="bbox 481 3753 2516 3832">
    <p class='ocr_par' dir='ltr' id='par_1_6' title="bbox 481 3753 2516 3832">
     <span class='ocr_line' id='line_1_46' title="bbox 481 3753 2516 3832; baseline -0.005 -18"><span class='ocrx_word' id='word_1_383' title='bbox 481 3778 710 3832; x_wconf 88' lang='lat' dir='ltr'>quorum</span> <span class='ocrx_word' id='word_1_384' title='bbox 763 3762 1143 3815; x_wconf 87' lang='lat' dir='ltr'>auctoritatem</span> <span class='ocrx_word' id='word_1_385' title='bbox 1194 3766 1254 3814; x_wconf 89' lang='lat' dir='ltr'>ut</span> <span class='ocrx_word' id='word_1_386' title='bbox 1293 3762 1530 3832; x_wconf 88' lang='lat' dir='ltr'>ejusdem</span> <span class='ocrx_word' id='word_1_387' title='bbox 1581 3759 1795 3832; x_wconf 88' lang='lat' dir='ltr'>collegii</span> <span class='ocrx_word' id='word_1_388' title='bbox 1843 3755 2146 3827; x_wconf 88' lang='lat' dir='ltr'>Apostolici</span> <span class='ocrx_word' id='word_1_389' title='bbox 2200 3753 2516 3824; x_wconf 69' lang='lat' dir='ltr'>coryphaeus</span> 
     </span>
    </p>
   </div>
  </div>
 </body>
</html>
