2722 4146
457 295 528 353 48

456 447 670 501 firmata
728 450 837 500 est:
900 462 963 498 ex
1016 440 1347 498 auctoritate
1405 439 1457 496 S.
1513 438 1787 497 Coelestini
1838 439 2099 512 Episcopi
2149 438 2397 508 Romani,
2438 459 2503 496 ex

457 540 722 576 consensu
774 520 990 574 concilii
1047 519 1442 588 Episcoporum
1493 518 1908 571 occidentalium
1948 522 2002 571 et
2041 536 2105 570 ex
2147 519 2502 571 consensione

454 598 627 650 totius
666 595 1002 649 oecumenicae
1041 593 1266 662 synodi:
1309 593 1363 645 id
1399 596 1484 646 :est
1523 594 1579 645 in
1621 593 2046 663 congregatione
2073 596 2127 645 et
2155 593 2506 645 consensione

457 671 697 724 omnium
751 669 1094 722 ecclesiarum
1146 686 1266 720 cum
1318 667 1539 720 ecclesia
1579 666 1836 731 Romana,
1889 685 2007 737 quae
2057 667 2298 719 omnium
2337 667 2505 719 eccle-

455 747 654 799 siarum
696 749 779 797 est
817 747 987 796 mater
1027 746 1081 796 et
1118 742 1398 814 magistra,
1440 742 1760 794 collocatam
1798 741 1963 795 fuisse
1999 761 2030 794 a
2059 741 2276 794 Christo
2317 759 2506 810 supre-

456 839 595 873 mam
622 818 1022 884 auctoritatem,
1065 836 1371 887 supremum
1399 816 1789 888 magisterium,
1831 817 2084 870 ultimum
2110 815 2506 868 irretractabile

448 895 726 966 judicium.

1034 1057 1364 1119 Concilium
1414 1057 1929 1118 chalcedonense.
2023 1087 2026 1105 =

605 1191 687 1245 Ex
736 1191 985 1256 historia,
1039 1210 1102 1244 ex
1154 1191 1288 1244 actis
1329 1189 1559 1244 Concilii
1603 1188 2045 1243 Chalcedonensis
2102 1187 2375 1240 evidenter
2414 1206 2508 1255 ap-

457 1271 629 1337 paret,
672 1268 933 1320 creditum
971 1285 1002 1318 a
1043 1266 1284 1319 Concilio
1325 1269 1380 1319 et
1418 1284 1448 1317 a
1490 1263 1540 1317 S.
1586 1264 1765 1317 Leone
1817 1263 1974 1332 Papa,
2029 1281 2333 1332 supremam
2382 1279 2508 1314 auc-

456 1343 764 1406 toritatem,
825 1341 1078 1394 ultimum
1129 1340 1394 1410 judicium
1450 1339 1508 1391 in
1567 1338 1920 1391 consensione
1987 1337 2333 1390 ecclesiarum
2390 1354 2510 1388 cum

461 1418 639 1486 capite
677 1416 850 1470 totius
889 1416 1144 1469 Ecclesiae
1183 1435 1214 1467 a
1254 1414 1471 1467 Christo
1512 1413 1692 1483 posita
1730 1413 1911 1465 fuisse.

606 1490 881 1559 Eutyches
936 1510 967 1543 a
1006 1490 1057 1543 S.
1100 1489 1360 1542 Flaviano
1414 1487 2037 1556 Constantinopolitanae
2084 1485 2220 1538 sedis
2260 1484 2511 1538 antistite

462 1567 762 1630 damnatUS,
815 1565 881 1617 ad
934 1565 1088 1617 Rom.
1142 1564 1463 1617 Pontificem
1509 1562 1824 1632 appellavit.
1917 1561 2026 1614 Leo
2083 1561 2272 1613 scribit
2330 1560 2395 1612 ad
2457 1557 2508 1611 S.

460 1641 780 1693 Flavianum
838 1644 891 1692 et
946 1640 1099 1709 jubet
1157 1642 1351 1691 cuncta
1407 1638 1473 1690 ad
1514 1656 1568 1689 se
1626 1636 1842 1688 deferri.
1921 1635 2027 1688 Ubi
2068 1634 2246 1687 omnia
2285 1633 2509 1696 audivit,

460 1715 681 1784 scripsit
719 1713 770 1767 S.
813 1713 920 1766 Leo
962 1714 1027 1766 ad
1069 1712 1120 1766 S.
1163 1713 1483 1765 Flavianum
1523 1711 1921 1763 celeberrimam
1960 1711 2111 1762 illam
2151 1708 2511 1779 dogmaticam

463 1789 769 1859 epistolam,
810 1788 868 1840 in
909 1807 1013 1857 qua
1045 1789 1354 1855 plenissime
1393 1791 1446 1839 et
1486 1786 1829 1849 lucidissime,
1882 1789 1942 1837 ut
1991 1787 2070 1836 ait
2110 1783 2250 1835 idem
2289 1782 2340 1835 S.
2383 1781 2509 1845 Le0,

464 1867 856 1916 sacramentum
908 1862 1207 1916 Dominicae
1258 1860 1659 1914 Incarnationis
1700 1859 1941 1927 exponit.
2020 1857 2122 1910 Sed
2163 1876 2284 1910 cum
2323 1862 2510 1926 postea

462 1939 592 1991 novi
655 1938 924 1991 tumultus
987 1937 1163 1990 exorti
1229 1940 1435 2000 essent,
1512 1938 1807 1987 convocata
1879 1933 2116 2001 synodus
2187 1931 2513 1984 oecumenica

464 2013 810 2065 Chalcedone.
889 2012 1021 2065 Post
1060 2011 1348 2064 lectionem
1386 2014 1566 2063 autem
1604 2009 1877 2078 praedictae
1929 2007 2190 2075 epistolae,
2244 2007 2513 2058 Reveren-

463 2087 671 2140 dissimi
711 2087 968 2156 Episcopi
1009 2087 1407 2139 clamaverunt:
1467 2083 1597 2136 Haec
1636 2083 1859 2135 Patrum
1911 2082 2058 2145 fides,
2109 2081 2222 2133 haec
2271 2080 2511 2149 Aposto-

466 2162 644 2215 lorum
701 2161 860 2214 fides:
923 2179 1108 2214 omnes
1166 2161 1245 2213 ita
1303 2159 1595 2220 credimus:
1657 2155 1951 2210 orthodoxi
2002 2156 2080 2209 ita
2121 2155 2349 2208 credunt
2389 2199 2398 2208 .
2442 2195 2453 2206 .
2499 2196 2508 2205 .

464 2236 659 2290 Petrus
701 2254 795 2305 per
836 2235 1071 2288 Leonem
1110 2235 1187 2288 ita
1226 2235 1440 2287 locutus
1480 2237 1577 2286 est.
1657 2231 1915 2300 Apostoli
1941 2231 2018 2283 ita
2043 2231 2358 2283 docuerunt.
2419 2228 2513 2280 Pie

466 2314 519 2363 et
559 2329 682 2363 vere
722 2309 828 2363 Leo
869 2310 1069 2374 docuit,
1111 2309 1349 2378 Cyrillus
1389 2308 1468 2361 ita
1505 2306 1718 2360 docuit:
1770 2304 1961 2375 Cyrilli
2000 2308 2203 2357 aeterna
2241 2303 2511 2356 memoria.

466 2385 573 2438 Leo
628 2388 683 2438 et
734 2383 971 2453 Cyrillus
1025 2384 1274 2437 similiter
1315 2383 1616 2436 docuerunt
1656 2422 1668 2434 .
1711 2423 1722 2433 .
1767 2424 1777 2434 .
1839 2379 2105 2433 Catholici
2156 2379 2233 2432 ita
2280 2378 2514 2447 sapimus

471 2459 574 2525 (Cf.
615 2458 809 2523 Mansi,
850 2463 980 2512 tom.
1021 2458 1117 2511 VI.
1158 2476 1281 2528 pag.
1326 2457 1490 2524 971.).

614 2533 771 2585 Unde
822 2533 941 2585 istae
992 2532 1438 2585 acclamationes?
1537 2530 1643 2582 Cur
1703 2529 1892 2582 statim
1932 2528 2222 2597 recipiunt,
2282 2527 2516 2595 amplec-

468 2611 681 2672 tuntur,
722 2607 1047 2659 confirmant
1085 2606 1367 2675 epistolam
1407 2604 1761 2673 dogmaticam
1805 2602 1857 2655 S.
1886 2602 2120 2655 Leonis?
2200 2602 2365 2655 Forte
2391 2601 2518 2670 quia

470 2683 658 2735 Patres
714 2686 1099 2743 convocantur,
1155 2683 1217 2732 ut
1267 2678 1419 2730 nullo
1471 2677 1773 2746 praehabito
1834 2676 2103 2739 examine,
2172 2675 2516 2727 definitiones

471 2757 626 2810 Rom.
667 2755 952 2809 Pontificis
991 2754 1264 2823 accipiant
1302 2757 1358 2806 et
1396 2751 1660 2804 immobili
1682 2751 1785 2802 fide
1811 2751 2070 2802 credant?
2147 2749 2315 2802 Nullo
2341 2749 2515 2800 modo.

474 2831 664 2884 Patres
717 2830 938 2883 fuerant
989 2827 1288 2892 convocati,
1342 2830 1404 2880 ut
1443 2844 1653 2879 causam
1694 2843 1725 2876 a
1763 2824 1916 2876 Rom.
1959 2824 2225 2876 Pontifice
2269 2824 2380 2892 jam
2429 2841 2518 2874 so-

473 2905 724 2959 lemniter
774 2905 1074 2975 judicatam
1130 2921 1274 2955 novo
1331 2905 1384 2955 et
1422 2918 1550 2953 vero
1599 2898 1831 2952 examini
1889 2898 2231 2967 subjicerent,
2291 2900 2353 2949 ut
2404 2896 2518 2948 veri

471 2979 721 3051 magistri
761 2983 816 3033 et
848 2979 1054 3050 judices
1092 2997 1123 3031 a
1163 2977 1379 3030 Christo
1421 2974 1709 3028 constituti
1748 2977 1803 3026 et
1829 2991 1859 3024 a
1886 2971 2094 3041 Spiritu
2122 2975 2307 3024 sancto
2343 2970 2518 3023 edocti

473 3055 692 3107 eandem
713 3073 926 3107 causam
949 3052 1189 3123 pleniore
1208 3050 1412 3121 judicio
1432 3049 1742 3119 judicarent
1769 3051 1823 3100 et
1847 3045 2235 3099 irretractabili
2258 3063 2520 3097 consensu

475 3129 769 3194 firmarent,
824 3132 887 3182 ut
925 3128 1064 3181 idem
1105 3126 1156 3180 S.
1199 3125 1308 3179 Leo
1348 3124 1567 3186 scribit3
1624 3122 1714 3175 sed
1766 3121 1892 3191 quia
1931 3139 2089 3173 causa
2127 3124 2242 3172 erat
2282 3120 2519 3183 evidenS,

475 3206 539 3255 ut
577 3202 864 3272 scripserat
901 3202 1042 3255 idem
1081 3201 1208 3266 Leo,
1249 3199 1376 3270 quia
1414 3198 1643 3268 epistola
1682 3195 1878 3249 Leonis
1905 3194 2215 3264 apostolicae
2255 3194 2519 3247 doctrinoe

477 3280 531 3329 et
570 3277 912 3330 ecclesiarum
950 3273 1323 3346 praedicationi
1363 3272 1603 3342 apprime
1629 3290 1723 3340 per
1749 3269 1930 3323 omnia
1957 3269 2352 3322 consentiebat:
2393 3269 2519 3337 quia

477 3353 693 3404 vetusta
731 3354 787 3403 et
825 3351 1143 3403 universalis
1181 3348 1405 3404 traditio
1432 3346 1492 3399 in
1518 3345 1748 3415 epistola
1772 3343 1969 3396 Leonis
1995 3344 2306 3396 resonabat:
2334 3342 2520 3396 statim

478 3425 712 3478 clamant
749 3427 803 3477 et
842 3424 1138 3478 manifestae
1176 3421 1396 3477 veritati
1434 3419 1804 3474 testimonium
1841 3418 2091 3470 reddunt.
2170 3418 2304 3470 Rem
2347 3418 2427 3470 ita
2465 3435 2520 3470 se

477 3499 689 3563 habere,
729 3497 786 3550 id
825 3502 934 3552 est:
989 3497 1175 3552 Patres
1229 3499 1458 3552 clamare
1497 3498 1552 3548 et
1589 3493 1842 3564 amplecti
1894 3492 2178 3561 epistolam
2229 3490 2281 3544 S.
2322 3491 2518 3544 Leonis

479 3592 593 3627 non
632 3591 696 3626 ex
735 3571 896 3625 unius
933 3575 988 3626 et
1027 3572 1196 3625 solius
1234 3572 1389 3626 Rom.
1429 3569 1714 3624 Pontificis
1753 3567 2081 3620 auctoritate
2107 3566 2389 3630 inductos;
2429 3565 2519 3618 sed

480 3651 770 3718 propterea
817 3646 964 3716 quod
1014 3646 1271 3700 videbant
1319 3644 1606 3715 epistolam
1657 3640 1852 3696 Leonis
1891 3639 2202 3710 apostolicae
2258 3639 2519 3694 doctrinae

481 3724 827 3788 conformem,
865 3724 1018 3791 patet
1055 3719 1328 3774 evidenter
1365 3737 1430 3772 ex
1466 3718 1679 3772 actione
1715 3718 1924 3788 quarta,
1964 3714 2023 3767 in
2062 3732 2170 3784 qua
2194 3713 2259 3767 de
2285 3713 2520 3785 ejusdem
