2722 4146
2139 251 2240 308 111

206 388 588 463 cooperatione
613 393 667 448 et
694 409 960 448 consensu
985 391 1252 450 universae
1277 393 1530 451 Ecclesiae
1556 393 1729 467 possit
1766 395 2043 467 imponere
2083 415 2243 469 regu-

205 468 313 520 lam
352 466 491 522 fidei.

355 541 419 593 [n
470 544 734 610 quantum
785 542 1035 596 omnibus
1086 549 1307 613 praeest,
1368 564 1573 599 omnes.
1601 548 1784 600 movet
1836 545 1903 598 ad
1953 546 2240 613 unitatem,

206 616 447 669 omnium
498 615 825 669 sententiam
877 617 1191 684 confirmat,
1250 621 1362 689 ejus
1422 620 1670 673 definitio
1729 622 1811 673 est
1860 620 2048 691 regula
2098 621 2241 686 fidei,

205 690 298 743 sed
337 689 662 759 inquantum
699 690 1020 744 universalis
1058 692 1310 747 Ecclesiae
1348 693 1666 765 suffragium
1705 694 1986 764 exprimit,
2026 695 2128 760 vel,
2179 699 2245 749 ut

205 763 283 817 ait
323 762 374 820 S,
415 763 750 828 Antoninus,
791 764 1116 834 inquantum
1143 772 1224 821 est
1251 768 1516 821 catholica
1542 768 1921 822 determinatio
1961 769 2107 822 facta
2145 787 2242 839 per

210 837 503 891 Ecclesiam
541 841 595 891 et
635 857 900 891 summum
927 839 1263 907 Pontificem,
1303 842 1627 911 inquantum
1664 846 1746 896 est
1771 847 2002 912 recepta,
2043 843 2243 896 exami-

204 916 360 976 nata,
418 912 714 981 adprobata
784 914 851 966 ab
903 914 1141 967 Ecclesia
1206 915 1531 981 universali,
1602 916 1924 985 inquantum
1983 917 2239 971 Pontifex

205 986 396 1039 definit
436 990 592 1039 utens
620 987 846 1040 consilio
875 992 929 1041 et
956 989 1234 1058 requirens
1261 990 1592 1060 adjutorium
1626 991 1944 1044 universalis
1970 991 2238 1045 Ecclesiae.

206 1060 453 1113 Christus
493 1079 605 1113 non
645 1062 748 1114 soli
786 1061 949 1115 Petro
990 1064 1225 1117 contulit
1276 1069 1628 1133 potestatem,
1683 1065 1772 1117 sed
1823 1069 1877 1118 et
1928 1065 2240 1134 Apostolis;

205 1153 411 1187 summa
463 1139 518 1188 et
572 1136 856 1203 plenitudo
897 1137 1268 1191 ecclesiasticae
1308 1139 1593 1207 potestatis
1642 1139 1872 1191 resultat
1924 1158 1987 1191 ex
2033 1140 2241 1193 duobus

206 1208 500 1274 elementiS,
543 1227 606 1261 ex
645 1205 796 1279 aequ‘o
839 1210 1054 1275 divinis,
1097 1212 1187 1264 sed
1227 1212 1599 1281 inaequalibUS,
1641 1217 1695 1266 et
1735 1231 1854 1265 cum
1893 1213 2076 1267 debita
2115 1215 2240 1267 sub-

206 1283 549 1336 ordinatione
587 1283 898 1336 harmonice
939 1286 1260 1354 conjunctis.
1337 1285 1492 1339 Nova
1531 1287 1696 1339 editio
1737 1288 1992 1355 symboli,
2047 1291 2239 1358 utpote

206 1357 458 1410 ultimum
511 1362 565 1410 et
603 1358 999 1412 nobilissimum
1053 1360 1368 1413 exercitium
1424 1361 1794 1413 ecclesiasticae
1844 1361 2132 1430 potestatis
2185 1366 2239 1415 et

205 1436 358 1484 actus
398 1432 749 1485 ecclesiastici
788 1434 1090 1503 magisterii
1128 1435 1185 1486 in
1213 1453 1308 1487 suo
1336 1435 1530 1487 ultimo
1559 1435 1968 1504 complemento,
2009 1437 2240 1505 requirit

207 1506 489 1575 utriusque
515 1507 763 1560 elementi
791 1507 1158 1560 harmonicam
1185 1509 1636 1577 cooperationem,
1665 1510 1897 1562 involvit
1923 1510 2239 1581 suffragium

207 1580 378 1633 totius
404 1580 781 1650 EpiscopatUS,
822 1582 935 1634 sive
975 1582 1047 1635 sit
1087 1601 1183 1652 per
1223 1583 1534 1636 universum
1574 1584 1756 1636 orbem
1796 1583 2087 1652 disperSUS,
2128 1585 2239 1637 sive

206 1654 263 1706 in
304 1654 546 1708 Concilio
586 1656 913 1709 oecumenico
956 1661 1345 1727 congregatus,
1402 1658 1512 1709 sive
1551 1657 1610 1710 in
1649 1657 1804 1712 Rom.
1845 1657 2110 1711 Pontifice
2149 1659 2239 1710 de-

206 1728 424 1781 finiente
463 1733 723 1799 tanquam
763 1750 1009 1800 supremo
1052 1732 1252 1784 vertice
1293 1731 1707 1800 comprehensus
1747 1735 1802 1785 et
1841 1735 2138 1785 consertus

353 1802 667 1856 Adversarii
705 1805 979 1858 adducunt
1028 1806 1294 1858 nonnulla
1345 1810 1722 1870 monumenta,
1775 1824 1892 1874 quae
1939 1806 2240 1874 praedicant

206 1881 260 1930 et
310 1878 660 1947 magnificant
701 1878 1003 1932 Primatum
1043 1880 1196 1932 Rom.
1238 1880 1551 1943 PontificiS,
1613 1885 1667 1933 et
1716 1881 1902 1933 statim
1956 1880 2236 1934 inferunt:

205 1970 332 2021 ergo
390 1952 503 2004 haec
554 1953 868 2006 testimonia
920 1955 1263 2022 proclamant
1300 1954 1454 2006 Rom.
1495 1953 1777 2006 Pontificis
1828 1973 2130 2023 supremam
2185 1958 2239 2007 et

203 2026 543 2079 infallibilem
582 2030 980 2091 auctoritatem,
1023 2033 1076 2081 et
1114 2032 1340 2097 peccant
1378 2032 1568 2081 contra
1607 2028 1754 2079 illam
1794 2029 2066 2098 regulam,
2121 2047 2238 2098 quae

202 2100 472 2169 prohibet,
516 2102 803 2170 quominus
845 2103 1118 2155 conclusio
1159 2102 1323 2155 latius
1363 2106 1564 2171 pateat,
1606 2121 1765 2170 quam
1804 2103 2111 2171 praemissae.

350 2173 624 2228 Adferunt
665 2176 770 2228 alia
808 2195 976 2245 pauca
1015 2180 1394 2241 monumenta,
1448 2195 1565 2245 quae
1605 2176 1795 2229 dicunt
1850 2177 1936 2228 vel
1984 2176 2238 2230 videntur

202 2248 393 2313 dicere,
434 2249 588 2302 Rom.
618 2251 939 2303 Pontificem
980 2269 1090 2303 esse
1118 2269 1427 2319 supremum
1467 2255 1522 2303 et
1546 2251 1888 2303 infallibilem
1914 2251 2237 2320 magistrum

203 2327 257 2376 et
290 2324 542 2392 judicem,
584 2329 639 2378 et
678 2325 1039 2377 concludunt:
1081 2343 1210 2394 ergo
1239 2325 1393 2377 Rom.
1422 2324 1675 2377 Pontifex
1713 2325 1875 2377 habet
1901 2325 2236 2393 personalem

203 2401 257 2450 et
282 2416 312 2449 a
339 2401 459 2450 tota
486 2398 725 2451 Ecclesia
751 2399 1199 2467 independentem
1225 2417 1527 2467 supremam
1554 2402 1608 2451 et
1634 2399 1975 2450 infallibilem
2001 2398 2240 2452 auctori-

204 2475 386 2535 tatem,
429 2472 559 2541 quin
598 2473 908 2538 advertant,
950 2474 1152 2542 quippe
1191 2492 1356 2542 quum
1394 2473 1549 2525 Rom.
1590 2472 1846 2525 Pontifex
1898 2473 2074 2542 possit
2112 2491 2240 2525 con-

203 2545 427 2598 siderari
469 2546 788 2615 dupliciter,
841 2548 925 2599 vel
976 2551 1038 2600 ut
1076 2566 1242 2617 agens
1283 2548 1429 2599 solus
1482 2550 1536 2599 et
1575 2546 1998 2615 independenter
2037 2565 2067 2598 a
2106 2565 2239 2616 qua-

203 2638 414 2688 cunque
469 2621 579 2673 sive
629 2622 1008 2684 antecedente,
1068 2621 1179 2673 sive
1237 2620 1665 2684 concomitante,
1725 2620 1835 2673 sive
1882 2622 2240 2692 subsequente

202 2693 455 2747 Ecclesiae
505 2695 772 2748 universae
825 2714 1115 2758 consensu,
1167 2695 1251 2747 vel
1290 2696 1474 2764 potius
1513 2699 1575 2747 ut
1616 2698 1780 2763 caput
1819 2695 2034 2748 unitum
2074 2714 2239 2747 mem-

203 2768 427 2820 brorum
467 2770 840 2838 cooperationi
892 2773 948 2822 et
997 2770 1287 2822 efformans
1336 2787 1457 2822 cum
1495 2769 1734 2820 Ecclesia
1774 2769 2024 2821 universa
2077 2787 2238 2820 unam

202 2846 256 2894 et
295 2841 676 2896 indivisibilem
714 2862 1017 2913 personam,
1059 2862 1228 2895 unum
1267 2848 1320 2896 et
1358 2842 1685 2895 indivisibile
1723 2843 2112 2912 magisterium,
2153 2841 2237 2895 uti

203 2934 483 2985 supremus
522 2923 710 2986 pastor
751 2922 805 2971 et
843 2918 1063 2981 doctor,
1124 2917 1218 2986 qui
1269 2917 1518 2970 omnibus
1556 2920 1781 2985 praeest,
1835 2934 2017 2968 omnes
2055 2918 2239 2969 movet

201 2991 269 3042 ad
307 2991 602 3057 unitatem,
656 2992 982 3046 sententiam
1037 2995 1092 3044 et
1131 2991 1291 3043 fidem
1340 2990 1580 3043 omnium
1633 2990 1945 3055 confirmat,
1997 2990 2238 3043 rationes

202 3083 386 3118 omnes
407 3065 636 3135 exigere,
665 3071 727 3120 ut
753 3066 1069 3120 testimonia
1093 3065 1474 3135 intelligantur
1502 3064 1565 3115 de
1585 3063 1849 3115 Pontifice
1875 3064 1977 3117 hoc
2003 3063 2238 3117 secundo

202 3138 359 3191 modo
399 3140 754 3206 considerato,
796 3140 889 3210 qui
929 3143 1011 3192 est
1048 3139 1302 3191 Pontifex
1340 3137 1649 3200 historicuS,
1692 3141 1975 3191 concretus
2014 3142 2070 3192 et
2109 3155 2239 3190 con-

202 3213 526 3267 naturaliter
565 3215 827 3279 existens,
883 3218 936 3267 et
986 3232 1098 3266 non
1155 3213 1218 3265 de
1257 3212 1523 3265 Pontifice
1572 3210 1748 3279 primo
1801 3211 1960 3264 modo
2000 3216 2236 3282 sumpte,

204 3287 377 3354 qualis
415 3305 530 3340 non
570 3288 758 3342 existit
794 3289 853 3340 in
892 3306 1072 3340 rerum
1110 3291 1323 3349 natura,
1365 3286 1454 3338 sed
1495 3284 1669 3353 qualis
1709 3284 1939 3354 fingitur
1994 3305 2092 3355 per
2142 3286 2237 3340 ab·

203 3360 580 3423 stractionem3
620 3362 692 3426 id,
732 3362 970 3432 inquam,
1012 3379 1196 3413 omnes
1230 3360 1468 3412 rationes
1508 3358 1738 3427 exigere,
1778 3358 1884 3411 nisi
1924 3359 2236 3429 oppositum

203 3433 477 3486 evidenter
517 3434 833 3491 declaretur.
909 3435 990 3488 Ac
1028 3434 1257 3503 proinde
1295 3433 1492 3486 iterum
1545 3450 1608 3483 ex
1648 3433 1938 3500 praemissis
1984 3432 2235 3487 limitatis

205 3506 498 3571 deducunt,
540 3509 683 3577 quod
721 3510 866 3580 leges
904 3509 1096 3579 logicae
1133 3525 1411 3576 nunquam
1447 3505 1794 3575 permittunt,
1835 3507 2234 3561 conclusionem

206 3580 552 3634 illimitatam.

353 3654 501 3708 Idem
538 3655 835 3724 dicendum,
877 3655 1090 3729 quando
1140 3654 1337 3710 thesim
1383 3654 1618 3725 probant
1674 3672 1738 3708 ex
1784 3654 1880 3708 illo
1932 3652 2232 3724 principio:
