2722 4146
429 267 498 320 26

429 414 619 484 8101100
675 414 854 466 studio
907 409 1552 465 0110110111.Μο11110000
1605 429 1735 464 vero
1789 410 2085 496 diligentiae
2136 410 2314 482 gratia
2365 412 2479 466 haec

430 489 610 543 omnia
632 487 971 557 conscripsit,
994 486 1199 554 pariter
1223 485 1384 538 etiam
1404 483 1799 554 Apostolorum
1822 485 2124 555 principem
2144 485 2472 539 honorans.»

579 563 652 615 Et
689 562 826 614 idem
868 562 922 613 in
963 560 1090 612 Luc.
1134 564 1220 612 22.
1236 577 1248 611 ε
1294 559 1583 613 «Praedicit
1621 563 1800 614 autem
1841 560 1918 612 010
1958 561 2024 613 (10
2062 562 2250 612 futura
2297 564 2477 615 tenta-

431 639 598 699 tione,
642 637 854 705 quando
897 653 1082 688 omnes
1123 634 1314 687 relicto
1357 652 1419 687 eo
1458 634 1734 704 fugerunt.
1815 634 1933 703 Eyo
1972 635 2160 702 roya-vi
2203 677 2212 686 .
2257 677 2268 688 .
2315 679 2324 688 .
2367 634 2478 688 Ro-

431 713 575 783 gavi,
618 711 814 780 inquit,
867 710 1082 762 Patrem
1135 727 1309 761 meum
1362 713 1622 777 tanquam
1675 709 1851 774 homo,
1902 727 1970 761 ne
2009 710 2198 778 perdas
2255 729 2478 778 prorsus

433 785 653 852 (ῑελεωιξ)
698 785 854 836 fidem
893 788 1061 847 tuam,
1103 802 1265 852 quam
1302 784 1359 835 111
1415 801 1498 835 1110
1538 783 1717 847 habes,
1761 784 1818 836 in
1857 787 2099 853 tempore
2153 784 2477 853 negationis.

434 861 506 913 Et
546 866 603 912 tu
644 859 933 926 aliquando
976 900 986 910 .
1030 900 1041 911 .
1087 899 1097 909 .
1154 856 1456 911 Conversus
1508 862 1633 926 post
1671 858 2034 928 negationem,
2088 858 2338 911 videlicet
2386 877 2480 927 per

432 936 616 987 fletum
657 951 926 986 amarum:
987 933 1087 986 hoc
1145 937 1229 986 est
1280 932 1338 983 in
1390 932 1685 1001 pristinum
1738 933 1917 985 locum
1956 933 2134 985 denuo
2174 933 2478 986 restitutus,

433 1010 652 1062 Fratres
704 1011 886 1061 autem
937 1010 1051 1078 ejus
1103 1007 1238 1060 dicit
1277 1007 1515 1075 reliquos
1556 1006 1870 1075 ApostolOS,
1926 1011 2022 1060 aut
2063 1007 2200 1070 illos,
2255 1007 2348 1076 qui
2387 1026 2481 1076 per

431 1103 519 1136 eos
560 1087 715 1136 erant
756 1082 1068 1136 credituri.»

579 1157 652 1210 Et
691 1157 748 1209 in
788 1156 947 1210 Joan.
990 1156 1164 1209 XXI.:
1207 1155 1392 1209 Simon
1433 1157 1620 1223 dumis
1648 1174 1727 1210 me
1750 1157 1878 1223 plus
1917 1157 2042 1208 his?
2119 1155 2279 1208 Hunc
2306 1156 2480 1208 solum

437 1234 744 1302 interrogat
781 1235 1042 1301 tanquam
1082 1230 1382 1300 principem
1422 1234 1475 1283 et
1515 1250 1571 1283 os
1611 1231 2017 1300 discipulorum.
2111 1229 2281 1283 Pasce
2321 1248 2483 1298 αρ1103

434 1325 585 1361 meos.
647 1275 872 1369 ζῖ(41000111
927 1325 1057 1389 ergo
1115 1304 1422 1358 dilectionis
1481 1322 1609 1374 erga
1667 1325 1722 1357 se
1773 1305 2308 1368 demonstrationem,
2350 1308 2482 1374 puta

433 1400 616 1434 curam
656 1399 841 1433 eorum
870 1384 923 1434 et
949 1381 1184 1432 animam
1214 1379 1401 1448 ipsius,
1443 1398 1604 1448 quam
1625 1399 1723 1448 pro
1747 1384 2078 1449 praeceptore
2099 1397 2153 1432 se
2174 1379 2480 1447 positurum

433 1456 774 1527 promiserat,
817 1455 974 1525 petit,
1016 1459 1079 1508 ut
1118 1473 1218 1523 pro
1260 1453 1538 1522 discipulis
1578 1459 1800 1523 ponat.»

587 1531 924 1596 Theophanes
967 1529 1252 1583 Gemmeus
1293 1527 1753 1597 Archiepiscopus
1794 1527 2145 1580 Tauromenii
2189 1527 2248 1579 in
2301 1526 2484 1581 Sicilia

435 1605 617 1659 saeculi
657 1605 779 1658 XII.
821 1605 964 1658 hom
1011 1611 1094 1657 55.
1139 1604 1376 1656 infesto
1418 1602 1509 1656 SS.
1564 1602 1758 1671 Apost.
1820 1602 1936 1655 Pet.
1997 1606 2052 1655 01
2102 1601 2286 1654 Pauli:
2352 1603 2482 1666 «Tu,

435 1680 633 1750 inquit,
677 1680 769 1748 qui
808 1683 963 1749 petra
1003 1697 1074 1742 es,¹
1130 1683 1284 1748 petra
1342 1678 1436 1729 fies
1490 1678 1640 1730 verbi
1698 1681 1752 1730 et
1792 1677 2186 1730 constituendae
2234 1677 2485 1729 Ecclesiae

439 1755 847 1807 fundamentum
887 1758 941 1807 et
981 1754 1282 1823 spiritualis
1324 1752 1535 1805 aedificii
1575 1752 1781 1821 primus
1822 1752 2018 1804 aditus
2098 1751 2160 1802 In
2203 1751 2302 1803 hac
2342 1752 2483 1803 enim

437 1829 792 1892 confessione,
850 1848 956 1898 qua
1007 1847 1090 1880 1110
1140 1827 1414 1880 hominem
1467 1827 1695 1878 eundem
1748 1830 1801 1879 et
1841 1826 2015 1878 Deum
2055 1844 2168 1878 esse
2210 1827 2485 1878 confessus

435 1924 507 1968 eS,
548 1904 602 1956 in
643 1904 760 1966 hac,
803 1904 1040 1972 inquam,
1083 1902 1392 1956 stabilietur
1416 1901 1669 1954 Ecclesiae
1690 1901 2119 1953 fundamentum.
2199 1900 2316 1953 Hac
2342 1901 2484 1952 enim

438 1979 550 2031 basi
592 1979 948 2047 superposita,
991 1978 1203 2046 reliqua
1243 1977 1406 2030 etiam
1445 1976 1699 2046 dogmata
1738 1979 1862 2029 tuto
1885 1979 2348 2044 superstruentur.
2413 1975 2487 2027 Et

439 2054 535 2106 tibi
575 2053 709 2105 (labo
762 2053 946 2106 claves,
1025 2051 1150 2104 Non
1198 2051 1306 2104 ait:
1367 2051 1432 2102 do
1474 2052 1587 2114 tibi,
1642 2051 1731 2102 sed
1785 2051 1951 2103 dabo:
2009 2053 2222 2118 tempus
2281 2049 2487 2102 scilicet

437 2128 571 2179 illud
612 2131 736 2196 post
776 2127 1229 2180 resurrectionem
1268 2127 1514 2178 futurum
1571 2125 1886 2194 praedicens,
1942 2125 2156 2194 quando
2209 2127 2262 2176 et
2313 2124 2486 2176 sancti

441 2202 677 2271 Spiritus
717 2202 955 2272 gratiam
994 2202 1077 2254 illi
1115 2200 1424 2270 impertitus
1466 2204 1564 2263 est,
1606 2204 1659 2253 et
1700 2203 2027 2268 potestatem
2077 2197 2284 2268 ligandi
2326 2202 2487 2266 atque

437 2276 679 2329 solvendi
742 2276 1004 2345 permisit,
1071 2280 1126 2329 et
1190 2275 1550 2328 rationalibus
1622 2275 1812 2327 ovibus
1889 2278 2163 2342 pastorem
2227 2273 2485 2341 praefecit..

437 2351 640 2403 Verum
694 2369 814 2420 quae
869 2351 1040 2402 claves
1091 2351 1191 2411 hae,
1242 2369 1470 2419 quarum
1521 2353 1806 2418 portarum
1854 2348 2090 2418 claviger
2132 2347 2488 2400 constituitur

442 2426 664 2478 Petrus?
764 2425 930 2478 Porta
989 2425 1102 2477 haee
1161 2424 1412 2477 Christus
1465 2428 1546 2476 est
1602 2424 1734 2492 ipse,
1798 2423 1891 2491 qui
1954 2423 2118 2474 dixit:
2187 2421 2304 2488 Eyo
2371 2439 2487 2474 sum

440 2500 650 2559 ostium,
709 2500 822 2567 ejus
870 2517 997 2550 vero
1040 2498 1203 2550 clavis
1233 2502 1314 2550 est
1364 2497 1510 2560 fides,
1565 2517 1724 2566 quam
1784 2497 2049 2549 Dominus
2100 2496 2489 2565 discipulorum

441 2573 727 2641 coryphaeo
757 2572 1097 2625 committit.»
1180 2572 1257 2625 Cf.
1299 2571 1441 2624 hom.
1488 2576 1570 2625 37.
1613 2575 1668 2623 et
1710 2575 1793 2623 54.
1871 2569 2058 2639 Migne
2083 2574 2225 2623 tom.
2278 2575 2394 2622 132.

597 2646 744 2719 Ergo
786 2646 1140 2714 Theophanes
1196 2663 1317 2697 cum
1364 2647 1483 2697 tota
1530 2644 1860 2712 antiquitate
1908 2644 2070 2695 verba
2123 2644 2246 2696 illa:
2305 2644 2387 2696 Tu·
2437 2663 2490 2697 03

446 2723 662 2784 PetruS,
704 2721 802 2773 tibi
842 2721 976 2773 dabo
1017 2720 1186 2772 clares
1225 2724 1317 2771 etc.
1359 2718 1620 2787 parallela
1661 2718 1952 2770 constituit
2003 2736 2123 2770 cum
2169 2718 2279 2770 illis
2329 2717 2486 2771 Joan.

442 2794 558 2848 XX.
602 2799 838 2855 21—24,
881 2798 936 2847 et
974 2794 1132 2847 Joan.
1175 2793 1319 2845 XXI.
1371 2797 1599 2845 15--17.
1641 2792 1675 2844 i.
1717 2810 1760 2843 0.
1791 2792 1933 2860 quod
1961 2791 2212 2860 promisit
2241 2791 2490 2844 Christus

441 2888 536 2940 per
578 2870 674 2922 illa
710 2869 873 2921 verba
912 2868 1110 2922 Matth.
1162 2867 1329 2931 XVI.,
1382 2866 1628 2935 implevit
1682 2884 1776 2934 per
1817 2866 1929 2929 illa,
1985 2883 2103 2935 quae
2143 2865 2281 2918 dixit
2328 2864 2486 2918 Joan.

443 2943 556 2998 XX.
599 2938 672 2997 et
691 2943 836 2996 XXI.

591 3017 890 3070 Audiamus
930 3017 1094 3070 etiam
1133 3015 1506 3069 testimonium
1546 3015 1649 3067 viri
1688 3033 1782 3084 per
1823 3013 2052 3066 schisma
2107 3011 2420 3066 Graecorum
2459 3034 2490 3066 a

444 3097 633 3146 nostra
673 3092 913 3146 Ecclesia
953 3090 1198 3160 sejuncti.

591 3166 804 3220 Simeon
823 3165 1318 3219 Thessalonicensis
1340 3163 1788 3233 Archiepiscopus
1809 3163 1865 3214 in
1882 3162 2076 3232 dialog.
2096 3166 2288 3215 contra
2302 3162 2487 3215 haeres,

446 3259 558 3309 cap.
600 3241 776 3293 XIX:
835 3240 1081 3294 «Talium
1137 3240 1309 3310 igitur
1358 3257 1516 3291 causa
1570 3257 1694 3291 casu
1733 3237 1889 3307 gravi
1939 3236 2129 3289 cecidit
2168 3235 2488 3290 Latinorum

447 3314 699 3377 Ecclesia,
761 3331 878 3383 quae
935 3314 1087 3384 prius
1143 3314 1357 3384 quidem
1414 3313 1722 3382 symbolum
1778 3315 1942 3379 atque
1987 3310 2379 3379 Apostolorum
2437 3315 2491 3364 et

446 3389 671 3442 Patrum
721 3388 1047 3441 traditiones
1099 3393 1244 3442 recte
1299 3387 1533 3441 faciebat
1589 3391 1643 3440 et
1694 3386 2036 3455 sequebatur,
2093 3403 2213 3454 quae
2267 3385 2489 3455 insuper

448 3462 688 3516 omnium
729 3461 1094 3514 Ecclesiarum
1133 3466 1250 3516 erat
1292 3462 1557 3532 princePS,
1599 3461 1880 3514 veritatem
1921 3459 2065 3511 enim
2105 3478 2217 3512 non
2264 3459 2490 3512 abscon-

447 3537 622 3590 dimus
662 3577 674 3589 .
717 3578 728 3590 .
772 3579 784 3590 .
844 3535 1071 3604 Insuper
1136 3537 1323 3607 magni
1380 3535 1531 3590 Petri
1591 3537 1862 3605 potestate
1915 3533 2240 3603 8101100100,
2301 3537 2491 3586 contra

449 3609 829 3681 poenitentiam
867 3608 1018 3662 Petri
1056 3612 1354 3674 ambulant,
1397 3610 1524 3680 qui,
1550 3614 1612 3663 ut
1651 3627 1714 3662 ex
1754 3607 1836 3660 his
1876 3607 2183 3692 conjicitur,
2231 3605 2490 3660 Romanis

450 3686 641 3741 doctor
679 3684 992 3758 primusque
1030 3688 1216 3756 pastor
1257 3685 1432 3740 factus
1470 3688 1568 3751 est,
1609 3687 1672 3740 ut
1710 3683 2116 3739 conversionem
2156 3681 2400 3738 edoceret
2436 3683 2492 3734 et

2687 4074 2700 4122 -⁴.

2708 4049 2722 4146 mn
