2722 4146
507 321 579 377 94

507 473 682 525 amica
708 488 839 538 mea,
883 468 1116 525 columba
1144 487 1274 536 mea,
1302 467 1646 527 immaculata
1671 486 1800 527 mea.
1863 469 2191 542 Cyprianus:
2231 468 2550 530 Adulteram?

504 564 607 600 non
637 553 814 613 potest
850 545 1324 612 sponsa-Christi5
1362 549 1674 614 incorrupta
1712 552 1788 601 est
1828 553 1876 600 et
1905 549 2129 613 pudica.

654 621 799 674 Idem
840 620 891 673 S.
933 619 1248 674 Antoninus
1288 625 1428 690 part.
1470 621 1566 675 IV.
1607 622 1696 675 tit.
1747 626 1806 675 12
1848 621 1963 692 agit
2002 623 2066 676 de
2104 622 2316 676 Joanne
2354 623 2549 686 XXIL,

507 695 600 764 qui
640 696 699 747 in
727 694 886 747 Bulla
917 693 1048 747 Cum
1074 696 1215 748 inter
1237 697 1515 750 nonnullos
1540 696 1637 748 has
1665 696 1798 749 duas
1826 697 2231 765 propositiones
2259 698 2548 761 examinat,

506 771 760 822 alteram:
806 768 993 830 «Quod
1033 768 1284 823 Christus
1323 775 1377 824 et
1416 770 1673 839 Apostoli
1713 770 1772 822 in
1824 771 2043 839 speciali
2096 791 2207 824 non
2260 772 2549 825 habuerint

505 844 710 912 aliqua,
763 843 961 895 necin
1003 845 1339 908 0011111111111»;
1388 845 1640 898 alteram:
1723 844 1907 906 «Quod
1960 845 2018 897 in
2069 846 2179 910 his,
2235 864 2352 915 quae
2404 846 2551 915 ipsos

505 917 755 969 habuisse
796 916 1079 986 Scriptura
1116 923 1368 984 testatur,
1409 938 1747 988 nequaquam
1786 918 1843 971 in
1882 919 2014 987 ipsis
2048 921 2137 989 jus
2181 920 2366 973 utendi
2407 938 2551 972 com-

506 991 785 1058 petierit»;
828 1011 1065 1062 quasque
1091 993 1195 1046 rite
1221 994 1570 1058 examinatae,
1613 1011 1865 1045 erroneas
1891 998 1945 1046 et
1970 993 2247 1046 haereticas
2267 994 2549 1063 judicavit.

506 1066 582 1118 At
624 1065 863 1118 Minores
915 1067 1233 1136 gravissime
1286 1069 1562 1131 tulerunt,
1618 1067 1884 1120 Joannem
1922 1067 2095 1120 XXII.
2149 1087 2208 1120 ea
2258 1087 2550 1131 revocasse,

505 1159 621 1208 quae
663 1139 921 1192 Nicolaus
961 1141 1059 1194 ΙΙΙ.
1117 1142 1351 1195 ediderat
1392 1147 1446 1195 et
1487 1143 1729 1195 Clemens
1779 1141 1845 1194 V.
1888 1143 2329 1206 confirmaverat,
2383 1143 2551 1194 recla-

506 1218 728 1277 mantes,
782 1234 895 1267 non
946 1234 1103 1284 posse
1142 1216 1297 1269 Rom.
1339 1216 1630 1269 Pontifices
1685 1235 1745 1268 ea
1784 1216 1995 1268 decreta
2047 1217 2379 1280 rescindere,
2435 1235 2552 1285 quae

506 1288 645 1340 circa
686 1289 842 1341 fidem
884 1294 938 1342 et
976 1309 1152 1342 mores
1194 1309 1380 1342 eorum
1419 1295 1783 1344 antecessores
1831 1290 2181 1355 statuissent,
2236 1295 2291 1344 et
2339 1291 2551 1359 quidem

503 1381 660 1431 poena
707 1364 1066 1417 anathematis
1117 1365 1175 1416 in
1227 1365 1382 1430 illos,
1450 1365 1542 1434 qui
1596 1365 1905 1434 oppositum
1960 1365 2271 1429 docuerint,
2326 1369 2549 1418 statuta.

504 1437 685 1506 Atque
726 1438 843 1491 ideo
884 1438 1125 1491 Minores
1165 1441 1494 1503 asserebant,
1535 1438 1803 1492 Joannem
1842 1438 2016 1492 XXII.
2070 1457 2184 1491 esse
2237 1439 2552 1492 haereticum

505 1512 723 1580 eiusque
775 1514 838 1566 de
879 1513 1083 1566 Christi
1136 1518 1190 1566 et
1242 1514 1639 1583 Apostolorum
1685 1517 2006 1582 paupertate
2064 1513 2387 1566 sententiam
2445 1513 2552 1565 1116-

506 1587 744 1639 reticam.

652 1661 739 1713 Ad
778 1661 891 1714 haec
932 1661 1010 1715 ita
1050 1662 1345 1731 respondet
1384 1662 1434 1716 S.
1478 1661 1798 1716 Antoninus
1840 1681 1890 1731 p.
1933 1661 2026 1716 IV.
2072 1662 2156 1715 tit.
2199 1661 2320 1714 XII.
2363 1662 2409 1728 ἓ.
2454 1667 2551 1715 28.-

509 1733 644 1787 «Sed
697 1736 803 1804 ipsi
856 1736 1073 1804 pessimi
1123 1737 1370 1789 homines
1424 1735 1706 1805 (Minores)
1760 1742 1891 1789 sunt
1939 1736 2178 1788 haeretici
2230 1737 2374 1799 veri,
2427 1737 2554 1805 quia

505 1815 757 1863 asserunt
785 1815 975 1863 contra
1002 1810 1507 1863 determinationem
1535 1811 1871 1874 catholicam,
1912 1812 2109 1862 factam
2139 1829 2233 1878 per
2260 1811 2551 1863 Ecclesiam

505 1888 558 1936 et
597 1883 874 1936 dominum
915 1885 1115 1954 Papam
1155 1885 1423 1938 Joannem
1472 1884 1644 1938 XXII.
1695 1890 1749 1937 et
1802 1903 1984 1936 01111168
2033 1903 2367 1938 successores
2420 1887 2550 1953 ejus,

504 1977 658 2010 veros
719 1959 1014 2012 catholicos
1074 1979 1308 2012 summos
1364 1960 1684 2023 Pontifices,
1745 1963 1799 2012 et
1863 1977 2046 2011 omnes
2103 1958 2238 2010 alios
2295 1961 2552 2027 praelatos

505 2033 757 2085 Ecclesiae
815 2038 868 2086 et
922 2033 1168 2086 doctores
1223 2034 1506 2102 utriusque
1551 2033 1691 2102 juris
1743 2038 1796 2085 et
1835 2033 2126 2102 magistros
2180 2033 2442 2101 plurimos
2471 2034 2551 2084 .in

504 2107 782 2178 theologia
832 2108 1118 2161 cuiuslibet
1167 2109 1478 2177 religionis,
1520 2112 1794 2176 acceptam
1834 2107 2190 2159 examinatam
2244 2112 2297 2160 et
2350 2127 2548 2176 appro-

510 2182 684 2234 batam
727 2186 788 2235 ut
829 2182 1216 2235 verissimam».
1299 2182 1568 2235 Videlicet
1594 2182 1884 2234 secundum
1911 2187 2144 2234 mentem
2174 2180 2226 2234 S.
2256 2180 2547 2244 Antonini,

504 2256 592 2307 1110
632 2260 687 2308 et
725 2276 889 2325 supra
928 2257 1284 2320 declaratam,
1336 2256 1471 2308 illud
1512 2260 1595 2309 est
1633 2275 1943 2324 supremum
1983 2260 2037 2308 et
2075 2256 2467 2308 irreformabile
2507 2276 2547 2307 8.

503 2329 653 2382 Sedis
699 2331 983 2398 judicium,
1045 2331 1186 2400 quod
1239 2331 1634 2400 pronunciatur
1673 2350 1702 2382 a
1743 2330 1887 2399 Papa
1939 2334 2124 2382 utente
2165 2330 2397 2382 concilio
2448 2334 2543 2382 aut

504 2406 812 2473 requirente
851 2406 1183 2473 adjutorium
1212 2405 1534 2457 universalis
1563 2404 1844 2466 Ecclesiae3
1887 2405 2023 2457 illud
2050 2408 2130 2457 est
2158 2404 2548 2456 irreformabile

497 2479 778 2545 judicium,
820 2481 1009 2549 regula
1049 2480 1189 2543 fidei,
1231 2480 1374 2548 quod
1414 2498 1445 2531 a
1474 2479 1617 2547 Papa
1644 2480 1947 2547 probatum,
1994 2479 2282 2530 universali
2310 2478 2549 2530 Ecclesia

505 2557 857 2620 acceptatum,
901 2554 1265 2605 examinatum
1304 2554 1769 2621 approbatumque
1809 2553 1896 2606 sit.
1979 2553 2083 2604 Cur
2135 2551 2187 2605 S.
2230 2552 2548 2605 Antoninus

505 2645 613 2678 11011
655 2627 896 2695 appellat
946 2628 1013 2679 ad
1063 2627 1222 2678 unius
1263 2627 1416 2678 Rom.
1459 2626 1742 2678 Pontificis
1796 2627 2076 2693 personale
2122 2627 2414 2696 judicium,
2456 2627 2546 2679 sed

504 2701 570 2752 ad
619 2703 881 2753 universae
920 2701 1172 2753 Ecclesiae
1222 2699 1642 2752 auctoritatem?
1703 2699 1836 2760 Quia
1876 2700 2141 2763 Ecclesia,
2196 2701 2274 2754 ait
2329 2705 2546 2753 sanctus

507 2775 603 2839 vir,
648 2775 966 2827 universalis
1007 2794 1119 2827 non
1158 2778 1340 2843 potest
1378 2774 1618 2842 accipere
1656 2773 1859 2841 aliquid
1906 2780 2164 2841 tanquam
2204 2774 2543 2834 catholicum,

504 2850 648 2918 quod
687 2854 770 2902 est
808 2849 1137 2903 haereticum.
1204 2849 1276 2901 Et
1317 2867 1411 2900 cur
1438 2847 1680 2900 Ecclesia
1706 2847 1957 2898 universa
1985 2866 2095 2898 non
2122 2851 2302 2915 potest
2329 2850 2543 2899 errare?

505 2923 641 2986 Quia
682 2924 904 2976 ecclesia
945 2924 1195 2976 universa
1234 2927 1315 2976 est
1342 2941 1540 2991 sponsa
1579 2921 1919 2973 immaculata
1948 2920 2166 2984 Christi,
2209 2940 2320 2973 non
2346 2921 2545 2973 habens

507 2999 769 3050 maculam
809 3016 981 3068 neque
1021 3017 1240 3068 rugam;
1283 2997 1408 3066 quia
1449 2996 1551 3064 ipsi
1591 2993 1842 3048 Ecclesiae
1894 2995 2156 3046 universae
2210 2996 2365 3047 factae
2418 2999 2547 3048 sunt

505 3073 916 3139 promissioneS,
972 3076 1027 3126 et
1066 3073 1221 3142 quia,
1273 3089 1339 3123 ne
1378 3071 1626 3123 deficeret
1665 3069 1792 3121 fides
1820 3069 2081 3121 universae
2122 3068 2372 3121 Ecclesiae
2399 3069 2544 3121 Deus

506 3146 707 3211 oravit,
767 3147 983 3216 quando
1025 3146 1231 3211 oravit,
1291 3164 1358 3197 ne
1399 3145 1650 3197 deficeret
1690 3143 1819 3196 fides
1858 3142 2024 3195 Petri.
2103 3142 2256 3195 Unde
2301 3147 2543 3212 apparet,

507 3226 770 3288 quantum
808 3221 890 3273 illi
915 3239 946 3273 a
972 3239 1100 3274 vero
1127 3221 1398 3283 aberrent,
1440 3219 1533 3288 qui
1572 3219 1768 3270 volunt
1794 3217 2091 3280 ostendere,
2122 3216 2539 3270 S.—Antoni11um

507 3312 879 3363 propugnasse
918 3296 1255 3363 personalem
1294 3294 1442 3346 illam
1492 3297 1546 3346 et
1584 3311 1615 3344 a
1655 3295 1772 3345 tota
1810 3290 2048 3343 Ecclesia
2099 3291 2541 3360 independentem

509 3367 667 3419 unius
694 3367 848 3420 Rom.
877 3368 1160 3422 Pontificis
1199 3386 1501 3438 supremam
1541 3371 1595 3419 et
1619 3364 1957 3418 infallibilem
1998 3370 2340 3434 potestatem,
2379 3384 2410 3417 a
2437 3383 2542 3434 qua

507 3460 618 3494 non
658 3442 872 3493 errandi
911 3443 1259 3514 privilegium
1298 3442 1550 3495 universa
1589 3439 1827 3492 Ecclesia
1884 3439 2092 3492 derivet
2143 3444 2197 3492 ct
2235 3443 2539 3501 mutuetur3

507 3534 627 3569 cum
665 3518 888 3568 econtra
926 3515 978 3568 S.
1001 3515 1316 3571 Antoninus
1356 3516 1442 3569 via
1480 3514 1734 3584 opposita
1770 3513 1981 3566 incedat
2022 3518 2076 3567 et
2100 3513 2380 3582 antiquam
2419 3512 2541 3565 uni-

509 3590 872 3658 versalemque
922 3589 1227 3643 doctrinam
1276 3594 1508 3653 secutus,
1561 3607 1624 3641 ex
1688 3607 1749 3640 eo
1802 3587 1943 3656 quod
2007 3588 2256 3640 universa
2305 3586 2542 3639 Ecclesia

509 3682 690 3718 errare
726 3681 837 3716 non
876 3663 1080 3732 possit,
1131 3664 1298 3717 infert
1354 3664 1508 3717 Rom.
1551 3663 1866 3715 Pontificem
1925 3680 2136 3731 quoque
2193 3678 2371 3714 errare
2429 3677 2539 3712 non
