2612 4062
469 250 582 312 ’128

474 403 714 476 poribus
740 400 993 473 opposita
1030 399 1383 470 Scripserunt,
1424 397 1616 455 contra
1654 417 1815 471 quam
1852 400 2047 473 magna
2085 419 2213 472 pars
2251 394 2523 467 Ecclesiae,

476 497 674 550 magna
712 497 837 548 pars
878 477 1020 530 Cleri
1059 480 1113 530 et
1151 475 1549 545 Episcoporum
1586 475 1826 547 insurgit
1864 480 1920 530 et
1957 477 2067 529 alte
2106 477 2421 561 proclamat,
2463 475 2526 528 de

477 554 577 607 hac
615 571 674 605 re
712 553 829 605 fieri
868 569 979 603 non
1022 568 1178 634 posse
1217 551 1534 619 synodalem
1571 549 1974 615 definitionem,
2033 551 2167 620 quin
2206 551 2527 604 fundamen-

479 629 614 682 tales
655 626 871 680 concilii
907 625 1222 678 oecumenici
1262 643 1494 678 canones
1534 624 1795 678 atrociter
1834 625 2126 678 violentur.

627 703 689 754 4⁰
729 701 811 754 Ex
845 700 944 752 hac
983 699 1320 764 definitione,
1362 717 1479 769 quae
1518 702 1630 752 tam
1669 699 1824 752 malis
1865 700 2112 752 omnibus
2153 699 2433 769 incipitur,
2474 702 2528 751 et

478 777 751 846 pejoribus
792 774 1179 842 complebitur,
1233 773 1455 826 nonnisi
1497 773 1727 826 schisma
1763 773 1914 827 intra
1951 774 2245 827 Ecclesiam
2284 779 2338 827 et
2377 778 2531 827 extra

479 851 721 904 omnium
783 849 1210 902 acatholicorum
1273 849 1526 901 adversus
1589 867 1688 902 nos
1752 851 1911 902 atrox
1969 853 2024 902 et
2079 848 2530 902 irreconciliabile

479 925 664 978 odium
705 924 1001 976 imminere.

628 1001 688 1052 50
729 998 886 1051 Unde
924 1000 1095 1062 fieret,
1137 1000 1200 1050 ut
1228 996 1527 1050 Concilium
1570 997 1636 1050 ad
1676 996 1931 1060 sananda,
1974 997 2059 1049 vel
2097 997 2348 1050 lenienda
2387 997 2530 1050 mala

483 1078 1030 1144 congregatum,ausa
1070 1073 1157 1125 vel
1199 1072 1408 1125 occasio
1448 1072 1738 1136 existeret,
1786 1090 1880 1124 cur
1921 1072 2036 1124 haec
2074 1073 2216 1124 mala
2255 1072 2388 1124 adeo
2431 1090 2522 1124 ex-

482 1153 800 1212 crescerent,
833 1152 891 1200 ut
920 1147 1095 1201 futuri
1133 1146 1356 1199 remedii
1395 1146 1652 1216 quaelibet
1689 1146 1922 1198 huma-na
1961 1164 2081 1215 spes
2122 1147 2333 1199 sublata
2373 1149 2530 1199 esset.

631 1225 692 1275 60
732 1222 1066 1276 Potestatem
1125 1239 1428 1290 supremam
1487 1221 1640 1274 Rom.
1683 1220 1968 1274 Pontificis
2008 1239 2285 1290 nunquam
2326 1220 2531 1284 ClerUS,

480 1298 844 1367 Episcopatus
872 1301 985 1350 tam
1023 1296 1301 1366 splendide
1340 1299 1694 1365 agnoverant,
1735 1299 1893 1348 tanta
1932 1294 2240 1347 obedientia
2279 1299 2332 1348 et
2373 1295 2533 1347 devo—

479 1373 633 1426 tione
675 1372 920 1425 venerati
959 1376 1117 1435 sunt,
1179 1389 1339 1440 quam
1379 1371 1482 1423 hoc
1520 1374 1713 1423 nostro
1754 1374 2025 1438 tempore:
2082 1370 2126 1422 si
2165 1369 2278 1422 haee
2317 1369 2534 1422 devotio

482 1466 628 1500 nunc
679 1447 941 1515 temporis
994 1445 1303 1500 obnubilari
1353 1445 1598 1508 videtur,
1661 1463 1820 1497 causa
1870 1444 1978 1497 fuit
2018 1444 2132 1496 haec
2170 1443 2537 1496 infelicissima

483 1522 745 1591 quaestiO,
799 1523 950 1591 cujus
990 1520 1152 1574 initia
1191 1520 1236 1572 si
1274 1524 1388 1572 tam
1425 1519 1594 1571 malos
1634 1519 1846 1571 fructus
1886 1518 2214 1582 attulerint,
2275 1536 2536 1587 quosnam

485 1599 596 1666 ejus
655 1596 1108 1664 complementum
1165 1595 1462 1647 allaturum
1523 1594 1623 1658 sit,
1691 1593 1901 1662 sapiens
1942 1593 2174 1663 quilibet
2211 1611 2323 1645 non
2363 1593 2537 1645 dicam

485 1671 768 1741 conjicere,
809 1670 900 1723 sed
939 1669 1260 1740 praesentire
1298 1672 1498 1737 potest.

636 1747 696 1798 7⁰
735 1743 863 1797 Non
901 1744 1015 1797 haec
1054 1747 1184 1797 sunt
1220 1743 1390 1807 mala,
1452 1743 1645 1812 quibus
1686 1742 1937 1794 saeculum
1977 1742 2219 1805 laborat,
2262 1760 2359 1794 1160
2397 1741 2536 1793 hanc

485 1820 718 1872 mundus
766 1819 1084 1871 medicinam
1137 1838 1168 1871 a
1221 1821 1564 1870 sacrosancto
1603 1816 1930 1869 oecumenico
1972 1815 2215 1868 Concilio
2257 1820 2534 1885 expectat:

487 1895 578 1947 sed
636 1895 877 1947 defectus
937 1894 1058 1946 fidei
1107 1893 1166 1945 in
1203 1892 1564 1945 Divinitatem
1602 1890 1733 1943 Jesu
1774 1890 1979 1943 Christi
2017 1896 2071 1943 et
2111 1891 2168 1942 in
2209 1891 2446 1942 divinam
2485 1894 2538 1942 et

486 1969 832 2021 infallibilem
872 1969 1258 2021 auctoritatem
1317 1966 1602 2029 Ecclesiae,
1669 1965 1781 2017 haec
1839 1969 1968 2018 sunt
2025 1965 2143 2017 duae
2197 1965 2531 2035 gravissimae

486 2044 696 2113 plagae,
757 2061 875 2111 quae
928 2042 1238 2096 societatem
1278 2041 1560 2104 inficiunt,
1621 2043 1673 2092 et
1713 2040 1963 2093 funditus
2003 2042 2391 2108 corrumpunt;
2443 2039 2538 2091 has

487 2119 618 2170 duas
646 2118 904 2170 veritates
932 2116 1268 2186 argumentis
1309 2134 1371 2167 ex
1413 2115 1661 2168 omnibus
1701 2114 1946 2167 fontibus
1985 2113 2309 2184 theologicis
2349 2113 2539 2182 petitis

487 2191 790 2255 dilucidari,
820 2192 1154 2254 confirmare,
1186 2190 1466 2242 credibiles
1495 2189 1723 2251 efficere,
1766 2189 1868 2241 hoc
1906 2189 2099 2241 fuisset
2139 2207 2275 2258 opus
2315 2187 2536 2257 dignum

486 2271 644 2320 tanto
667 2265 929 2330 Concilio,
958 2270 1013 2318 et
1033 2266 1275 2335 dignum,
1318 2264 1460 2334 quod
1501 2263 1706 2332 posteri
1748 2267 1949 2316 aeterna
1989 2262 2246 2315 memoria
2287 2266 2340 2315 et
2379 2280 2539 2314 vene-

486 2341 699 2394 ratione
736 2346 1207 2410 prosequerentur.
