2722 4146
2165 309 2226 358 11

197 447 460 500 inviolata
501 447 766 500 consistit.
844 447 977 501 Inde
1017 453 1098 503 631
1138 451 1282 519 quod
1321 451 1370 503 b.
1412 450 1609 504 Petrus
1649 448 2039 519 Apostolorum
2084 452 2236 520 prin-

197 540 318 590 ceps
358 540 459 590 pro
498 521 691 574 eximia
741 522 903 591 hujus
958 523 1082 575 fidei
1141 525 1478 578 confessione
1531 525 1718 577 audire
1764 524 1988 578 meruit:
2059 526 2143 578 Ta
2184 545 2238 579 cs

197 595 397 648 Petrus
435 601 483 648 ct
520 613 681 661 super
716 596 849 648 hanc
881 603 1093 662 petram
1132 600 1419 665 aedificabo
1458 598 1755 652 Ecclesiam
1793 616 1974 663 meam,
2026 603 2237 668 petram

196 670 385 738 utique
422 670 737 722 firmitatem
776 670 899 722 fidei
939 675 993 724 et
1033 672 1311 726 catholicae
1338 673 1566 725 unitatis
1594 673 1921 726 soliditatem
1952 674 2237 727 manifeste

194 744 533 814 designans»

342 817 489 870 Idem
545 817 866 872 Hadrianus
916 820 956 870 I
961 819 1016 873 V.
1079 825 1134 872 et
1191 820 1438 874 Urbanus
1477 819 1589 874 ΙΙΙ.
1635 820 1712 873 Of.
1764 820 1818 872 S.
1861 822 2115 875 Hilarius
2173 823 2236 874 de

194 891 390 943 Trinit.
433 891 523 943 lib.
566 891 659 945 VI.
704 896 757 944 61
796 894 887 945 111).
931 893 1000 945 Π.
1043 912 1140 946 1166
1179 914 1292 947 11011
1333 913 1445 962 cap.
1498 898 1556 946 16
1597 894 1655 945 in
1695 894 1891 947 Matth.

340 965 578 1018 chatus
615 966 938 1020 Benedictus
965 968 1286 1020 Parisiensis
1308 969 1613 1038 Theologus
1641 968 1698 1020 in
1721 988 1816 1020 sua
1845 970 2235 1023 catholicorum

193 1040 449 1092 adversus
489 1058 658 1092 novas
698 1041 924 1094 haereses
965 1041 1247 1110 Panoplia,
1290 1061 1451 1111 quam
1491 1041 1757 1112 Gregorio
1797 1042 1946 1095 XIII.
2002 1044 2232 1098 dicavit:

196 1113 370 1166 «Sunt
409 1114 583 1183 igitur
625 1116 971 1183 expendenda
1011 1116 1302 1186 diligenter
1342 1117 1502 1168 verba
1542 1116 1665 1168 illa:
1722 1117 1806 1168 Ta
1860 1135 1913 1170 cs
1953 1117 2149 1171 Petrus
2187 1124 2236 1171 ct

190 1205 350 1254 super
387 1188 521 1240 hanc
551 1195 760 1254 petram
802 1191 1088 1256 aedificabo
1130 1190 1425 1243 Ecclesiam
1464 1209 1661 1242 meam:
1702 1191 1894 1259 quibus
1936 1192 2233 1256 edocemur,

192 1263 334 1331 quod
361 1262 417 1314 in
457 1264 965 1331 compensationem,
1009 1264 1134 1334 quia
1173 1267 1222 1318 b.
1266 1265 1461 1318 Petrus
1502 1265 1630 1317 fecit
1665 1265 1813 1316 illam
1843 1266 2234 1319 confessionem

190 1335 508 1390 Divinitatis
549 1341 603 1389 et
641 1338 998 1392 huma-nitatis
1041 1339 1260 1403 Christi,
1315 1340 1372 1391 in
1429 1358 1532 1408 qua
1583 1339 1918 1392 confessione
1972 1341 2234 1394 fundatur

190 1411 384 1480 religio
426 1412 718 1464 christiana
759 1417 813 1466 et
851 1413 1106 1478 Ecclesia,
1162 1414 1366 1482 accepit
1421 1431 1535 1465 eam
1573 1433 1603 1464 a
1643 1413 1857 1466 Christo
1909 1418 2235 1482 potestatem

189 1489 350 1554 atque
378 1485 716 1555 dignitatem,
759 1488 900 1556 quod
927 1488 1133 1556 primus
1173 1489 1318 1540 inter
1346 1506 1435 1539 eos
1462 1491 1542 1540 est
1569 1488 1803 1551 habitus,
1845 1489 1936 1556 qui
1965 1507 2079 1540 eam
2106 1507 2235 1542 con-

190 1559 477 1611 fessionem
516 1560 580 1611 ad
610 1561 941 1615 fundandam
963 1562 1255 1614 Ecclesiam
1283 1562 1676 1630 praedicarunt:
1719 1562 1838 1614 ideo
1867 1562 2010 1613 enim
2037 1563 2233 1615 (11611111

192 1632 399 1696 Petrus,
442 1639 495 1686 et
535 1654 695 1702 super
735 1636 899 1687 talem
941 1640 1150 1705 petram
1189 1635 1428 1688 Ecclesia
1467 1636 1532 1687 ab
1574 1635 1692 1704 ipso
1745 1636 1970 1688 fundata
2023 1641 2121 1700 631,
2173 1641 2234 1689 111

190 1707 436 1760 videlicet
475 1709 780 1777 praecipuus
821 1715 874 1763 et
915 1711 1120 1778 primus
1149 1714 1290 1763 63361
1315 1710 1692 1779 promulgator
1721 1713 1832 1779 ejus
1862 1710 2231 1774 confessioniS,

189 1800 305 1850 quae
346 1781 394 1833 ei
432 1782 609 1850 primo
649 1802 679 1834 a
718 1783 832 1836 Deo
872 1785 1107 1836 revelata
1146 1789 1278 1837 est.»

334 1856 571 1909 Joawnes
613 1857 818 1910 Eckius
866 1859 959 1910 lib.
1003 1858 1043 1910 I.
1099 1859 1161 1910 (16
1216 1859 1456 1927 primatu
1496 1858 1644 1910 Petri
1702 1862 1893 1911 contra
1933 1859 2234 1912 Lutherum

190 1949 231 1982 6.
280 1935 391 1982 13.;
449 1931 634 1993 «Quod
673 1932 824 1985 addit
873 1933 1230 1995 adversariUS,
1285 1952 1446 2001 supra
1504 1933 1661 1984 fidem
1714 1932 1865 1984 Petri
1917 1934 2234 1986 aedificatam

188 2004 496 2068 Ecclesiam,
538 2006 657 2074 quis
698 2007 747 2058 ei
787 2007 843 2058 in
883 2007 986 2059 hoc
1026 2011 1309 2077 repugnet,
1354 2007 1472 2075 quis
1502 2012 1681 2076 neget,
1733 2007 1852 2075 quis
1881 2007 2228 2061 inficiaturP»

191 2083 243 2132 61
283 2084 558 2148 provocat,
602 2084 664 2133 ut
701 2082 934 2149 aliquem
973 2081 1218 2144 adducat,
1260 2082 1351 2149 qui
1390 2081 1492 2134 hoc
1531 2087 1706 2151 neget.

336 2152 590 2222 Sequitur
631 2155 733 2207 alia
774 2156 936 2207 series
975 2156 1430 2218 testimoniorum,
1489 2155 1546 2206 in
1599 2155 1793 2224 quibus
1835 2154 1984 2208 Petri
2026 2174 2230 2224 [113610-

186 2228 369 2297 gativa
411 2228 573 2280 etiam
614 2229 804 2281 ceteris
845 2229 1128 2298 Apostolis
1168 2229 1491 2282 vindicatur.

332 2302 593 2355 Robcrtus
632 2303 925 2355 Tuit‘c'cnsis
964 2303 1146 2355 Abbas
1186 2303 1279 2355 lib.
1321 2303 1419 2355 III.
1464 2323 1580 2371 sup.
1624 2302 1850 2355 Matth.:
1912 2302 2021 2355 «Et
2070 2321 2230 2369 saper

184 2377 315 2429 hanc
346 2382 556 2442 petram
597 2379 883 2444 aedificabo
923 2377 1219 2430 Ecclesiam
1244 2395 1422 2440 meam,
1468 2395 1627 2445 super
1657 2380 1864 2446 petram
1893 2378 2031 2441 fidei,
2070 2396 2229 2446 quam

189 2450 465 2504 confessus
506 2455 589 2503 631
626 2451 836 2515 Ρ611113,
880 2470 1099 2520 eamque
1139 2470 1288 2504 suam
1338 2451 1641 2514 aedificavit,
1684 2470 1903 2520 eamque
1942 2452 2230 2521 regendam

186 2525 271 2576 illi
311 2524 622 2594 caeterisque
661 2524 942 2594 Apostolis
983 2544 1273 2594 eorumque
1312 2525 1576 2578 similibus
1618 2525 1935 2578 commisit.»

333 2598 406 2651 Et
445 2599 536 2651 lib.
578 2598 698 2652 XII.
742 2601 800 2651 in
839 2601 1071 2669 apocal.:
1122 2599 1321 2651 »Iidem
1347 2598 1618 2668 Apostoli,
1661 2599 1753 2667 qui
1790 2604 1963 2668 portae
1992 2599 2227 2653 civitatis

185 2673 360 2743 hujus,
404 2676 456 2726 61
498 2673 847 2727 fundamenta
887 2678 1030 2727 sunt.
1120 2673 1262 2726 Nam
1314 2692 1474 2742 super
1529 2673 1686 2725 fidem
1735 2674 1956 2726 illorum
2003 2674 2229 2726 fundata

184 2751 264 2799 631
302 2747 541 2799 Ecclesia
580 2748 697 2812 Dei,
739 2753 1107 2801 verumtamen
1148 2748 1242 2811 ita,
1303 2752 1364 2801 ut
1415 2748 1825 2800 fundamentum
1875 2748 2118 2816 ipsorum
2156 2748 2229 2802 311

185 2820 486 2874 Christus.»

338 2894 604 2963 Oriycozcs,
647 2897 738 2965 qui
778 2897 836 2948 in
878 2915 989 2965 cap.
1033 2896 1127 2948 VI.
1170 2915 1250 2965 ep.
1303 2896 1369 2948 ad
1409 2896 1635 2948 Roman.
1691 2896 1878 2959 tradit,
1937 2915 2222 2947 »summam

183 2989 363 3022 rerum
403 2970 466 3022 de
503 2971 781 3039 pascendis
823 2971 1012 3023 ovibus
1052 2970 1215 3023 Petro
1257 2970 1515 3024 traditam
1553 2970 1716 3022 fuisse
1756 2974 1811 3022 61
1849 2988 2008 3037 super
2047 2969 2224 3038 ipsum

184 3044 335 3096 velut
373 3063 532 3112 super
573 3049 779 3113 petram
833 3045 1112 3097 fundatam
1164 3063 1275 3096 esse
1326 3044 1675 3106 Ecclesiam»,
1728 3043 1817 3095 sed
1867 3043 2221 3097 nihilominus

186 3117 341 3170 docet
398 3118 455 3170 in
513 3118 708 3172 Matth.
769 3119 914 3171 XVI.
976 3122 1134 3171 tra-ct.
1197 3129 1272 3170 ].:
1337 3118 1571 3179 «Quodsi
1629 3135 1787 3184 super
1845 3116 1999 3168 illum
2056 3136 2224 3170 unum

184 3190 406 3244 Petrum
444 3197 661 3246 tantum
688 3194 962 3246 existimas
990 3193 1243 3244 aedificari
1269 3196 1443 3245 totam
1469 3190 1778 3254 Ecclesiam,
1821 3191 1950 3259 quid
1977 3191 2222 3245 dicturus
2297 3195 2303 3201 '

184 3284 238 3317 63
279 3265 341 3317 (16
378 3265 589 3319 Joanne
629 3268 743 3320 filio
785 3267 1021 3320 tonitrui
1077 3270 1133 3319 et
1187 3265 1580 3335 Apostolorum
1632 3268 1996 3333 unoquoque?
2087 3266 2222 3328 Quia

184 3339 427 3408 alioquin
466 3359 595 3392 uum
633 3342 944 3394 audebimus
985 3341 1174 3404 dicere,
1218 3341 1360 3409 quod
1386 3339 1640 3391 adversus
1667 3338 1888 3391 Petrum
1915 3359 2080 3392 unum
2107 3359 2216 3392 11011

183 3413 544 3481 praevaliturae
584 3420 713 3468 sunt
753 3420 925 3484 portae
965 3415 1146 3478 inferi,
1187 3415 1442 3466 adversus
1482 3416 1661 3465 autem
1689 3417 1895 3465 ceteros
1925 3413 2218 3482 Apostolos

185 3487 454 3555 perfectos
491 3489 855 3556 praevaliturae
894 3489 1046 3541 sint?
1124 3488 1205 3540 Ac
1242 3507 1356 3540 non
1395 3487 1580 3555 potius
1620 3487 1678 3538 in
1719 3487 1967 3539 omnibus
2007 3506 2067 3540 ac
2107 3487 2218 3539 sin-

182 3560 326 3630 gulis
367 3578 552 3613 eorum
590 3563 664 3615 sit
700 3563 852 3628 illud,
894 3562 1035 3631 quod
1075 3563 1278 3614 dictum
1317 3565 1424 3614 est:
1469 3560 1545 3612 Et
1571 3567 1763 3627 portae
1801 3563 1961 3627 inferi
2001 3567 2127 3614 etc.»

331 3634 537 3687 Iterum
557 3635 719 3688 illud:
749 3636 920 3703 Super
940 3637 1072 3688 hanc
1090 3641 1294 3702 petram
1317 3635 1603 3700 aedificabo
1624 3634 1919 3688 Ecclesiam
1939 3652 2101 3687 meam·
2127 3678 2136 3688 .
2165 3677 2174 3686 .
2202 3677 2211 3686 .

183 3713 234 3762 et
271 3709 369 3762 tibi
407 3709 540 3762 dabo
579 3710 776 3764 claves:
814 3710 900 3764 An
942 3728 1069 3763 vero
1120 3709 1224 3762 soli
1261 3708 1423 3762 Petro
1465 3708 1665 3762 dantur
1717 3727 1748 3762 a
1789 3708 2003 3763 Christo
2043 3709 2216 3762 claves
