2612 4062
413 316 518 369 120

410 461 570 517 clesia
607 461 822 515 redacta
860 462 1016 522 esset,
1058 461 1121 512 ut
1159 456 1245 509 vel
1285 455 1504 511 deberet
1542 459 1821 527 expectare
1858 457 2242 512 miraculosum
2282 458 2456 515 inter-

410 540 638 591 ventum
675 534 1027 596 DivinitatiS,
1088 531 1182 602 qui
1233 531 1518 600 impediat,
1574 551 1643 586 ne
1690 532 1930 586 Joannes
1981 533 2140 597 hunc,
2202 535 2288 588 cui
2325 536 2455 590 adeo

411 611 687 666 obstinate
712 609 954 662 addictus
983 610 1115 670 erat,
1157 623 1396 659 errorem
1422 606 1676 660 Ecclesiae
1715 612 2015 677 proponat3
2056 609 2142 660 vel
2170 609 2215 662 si
2241 610 2455 679 quando

413 686 518 740 hoc
569 704 666 755 per
705 684 911 736 bullam
950 681 1179 745 faceret,
1238 681 1337 733 sub
1394 682 1968 735 excommunicationis
2026 701 2217 751 poena,
2272 702 2455 738 omnes

410 763 727 814 tenerentur
769 757 815 809 ei
853 756 912 808 in
953 773 1137 808 errore
1177 755 1514 818 consentire;
1574 759 1630 809 et
1677 755 1754 809 sic
1803 756 1866 809 de
1917 757 2021 810 fide
2064 758 2459 812 conclamatum

414 837 567 887 esset.
648 831 778 894 Quis
818 848 931 883 non
972 830 1166 893 videat,
1209 829 1532 894 Ecclesiam,
1590 848 1709 899 quae
1748 829 1950 883 Joanni
1989 832 2195 885 erranti
2237 833 2458 886 fortiter

413 907 718 970 obstiterat,
761 905 960 958 fortius
1001 905 1343 967 obstituram,
1385 905 1432 956 si
1471 923 1627 957 suum
1652 923 1889 957 errorem
1914 905 2179 958 universae
2205 907 2458 960 Ecclesiae

410 986 670 1065 tanquam
720 980 916 1050 dogma
953 979 1219 1031 voluisset
1256 978 1564 1062 imponere:
1627 998 1686 1032 03
1739 980 1980 1043 ratione,
2035 981 2178 1049 quod
2219 981 2458 1035 Ecclesia

410 1055 691 1119 universa,
752 1072 851 1123 pro
893 1073 998 1123 qua
1039 1053 1286 1106 Christus
1327 1053 1562 1122 seipsum
1602 1054 1845 1117 tradidit,
1906 1058 1968 1107 ut
2020 1055 2125 1107 sibi
2173 1057 2460 1110 mundaret

414 1148 667 1200 sponsam
707 1130 824 1182 sine
862 1129 1072 1181 macula
1112 1132 1167 1181 et
1206 1127 1319 1180 sine
1359 1146 1496 1197 ruga
1536 1131 1591 1181 et
1630 1147 1730 1197 pro
1759 1147 1864 1197 qua
1898 1130 2119 1198 jamjam
2155 1132 2458 1184 moriturus

413 1203 621 1268 oravit,
689 1203 775 1256 cui
824 1202 1108 1272 promisit,
1173 1220 1228 1254 se
1276 1220 1395 1254 cum
1447 1203 1566 1287 ipsa
1605 1203 1850 1256 futurum
1894 1222 2061 1273 usque
2100 1205 2165 1256 ad
2206 1223 2457 1258 consum-

411 1278 706 1332 mationem
764 1278 948 1330 saeculi
1001 1295 1262 1346 suumque
1313 1277 1360 1329 ei
1397 1277 1690 1330 missurum
1727 1277 1982 1346 spiritum
2033 1279 2126 1347 qui
2178 1279 2350 1347 ipsam
2401 1280 2459 1332 in

413 1371 627 1406 omnem
665 1352 951 1405 veritatem
991 1352 1286 1416 induceret,
1331 1370 1512 1403 errare
1551 1370 1664 1404 non
1703 1355 1912 1421 potest3
1956 1371 2016 1404 ea
2042 1354 2272 1415 ratione,
2315 1354 2458 1424 quod

413 1428 544 1480 fides
598 1427 897 1480 universali
955 1425 1209 1479 Ecclesiae
1273 1426 1497 1478 deficere
1554 1445 1665 1478 non
1706 1430 1918 1495 potest,
1973 1427 2184 1480 dicente
2225 1427 2459 1480 Domino

415 1503 481 1555 ad
508 1502 762 1556 Petrum:
805 1503 990 1567 royavc‘
1023 1518 1124 1566 pro
1165 1506 1224 1564 te,
1268 1506 1328 1553 ut
1366 1518 1468 1553 non
1509 1501 1720 1567 deficiat
1743 1501 1878 1567 fides
1919 1506 2026 1565 tua,
2093 1506 2156 1555 ut
2197 1501 2250 1555 S.
2280 1502 2460 1555 Bona-

417 1579 679 1640 ventura,
735 1575 786 1629 S.
829 1576 1081 1638 Thomas,
1142 1573 1194 1627 S.
1237 1574 1553 1628 Antoninus
1594 1575 2060 1644 interpretantur;
2129 1595 2188 1628 ea
2227 1577 2458 1641 ratione,

417 1651 546 1721 quia
597 1650 838 1703 Ecclesia
888 1653 1128 1702 testante
1178 1647 1450 1717 Apostolo
1502 1653 1585 1702 est
1641 1650 1890 1702 columna
1948 1654 2003 1703 et
2061 1652 2461 1704 firmamentum

417 1724 685 1788 veritatiS,
729 1728 921 1778 contra
959 1743 1120 1793 quam
1159 1727 1334 1792 portae
1374 1723 1539 1775 inferi
1578 1742 1690 1776 non
1721 1725 2117 1792 praevalebunt;
2160 1744 2219 1777 ea
2246 1725 2462 1778 ratione

420 1799 564 1869 quod
607 1798 977 1868 «impossibile
1017 1802 1115 1861 est,
1157 1798 1465 1850 universam
1504 1798 1801 1850 Ecclesiam
1850 1799 2090 1867 accipere
2130 1803 2193 1852 ut
2233 1800 2462 1853 catholi-

419 1892 557 1937 cum,
598 1873 652 1925 id
692 1874 836 1942 quod
875 1875 954 1924 est
996 1890 1298 1935 erroneum,
1340 1872 1425 1924 vel
1463 1872 1828 1936 haereticum»,
1871 1880 1932 1926 ut
1972 1893 2136 1943 supra
2163 1874 2462 1927 audivimus

418 1945 733 2016 loquente‘fn
774 1946 826 2003 S.
868 1946 1228 1999 Antoninum.
1307 1945 1433 1999 Non
1475 1947 1636 2008 enim,
1680 1947 1804 2015 quia
1840 1967 1977 2016 papa
2017 1952 2100 2001 est
2135 1948 2462 2012 infallibilis,

416 2017 812 2074 ideoOEcclesia
850 2021 1101 2073 universa
1128 2039 1224 2090 per
1265 2039 1455 2073 caecam
1483 2021 1839 2074 obedientiam
1873 2022 2123 2074 Pontifici
2164 2023 2462 2091 praestitam

417 2096 558 2148 hanc
598 2095 1052 2148 infallibilitatem
1091 2099 1406 2158 mutuatum
1449 2096 1539 2148 sed
1581 2095 1706 2163 quia
1746 2096 1864 2164 ipsa
1891 2096 2130 2148 Ecclesia
2169 2116 2369 2165 sponsa
2410 2101 2464 2150 et

423 2189 621 2239 corpus
661 2170 951 2239 mysticum
993 2169 1198 2223 Christi
1239 2189 1269 2221 a
1309 2136 1519 2238 Spiritu
1561 2173 1759 2222 sancto.
1792 2170 2067 2223 vivificata
2121 2176 2204 2224 est
2257 2171 2465 2224 infalli-

414 2245 556 2307 bilis,
598 2245 718 2297 ideo
758 2244 1015 2297 Pontifex
1056 2243 1413 2296 constituitur
1453 2243 1789 2307 infallibilis,
1832 2245 1958 2312 quia
2011 2248 2094 2297 est
2133 2246 2465 2314 praecipuum

415 2320 716 2372 membrum
762 2319 925 2371 huius
964 2318 1183 2387 mystici
1224 2318 1468 2387 corporis
1509 2321 1565 2371 et
1601 2318 1908 2371 infallibilis
1948 2319 2266 2389 magisterii,
2320 2320 2463 2390 quia,

418 2397 481 2446 ut
520 2394 598 2446 ait
639 2392 691 2446 S.
735 2393 987 2456 ThomaS,
1031 2397 1308 2455 convocat,
1365 2392 1574 2463 dirigit,
1631 2393 1919 2446 confirmat
1957 2394 2335 2446 oecumenicam
2377 2413 2464 2462 sy-

420 2467 647 2519 nodum:
708 2467 852 2535 quia,
894 2470 957 2519 ut
994 2467 1074 2519 ait
1114 2466 1165 2519 S
1209 2466 1546 2530 AntoninUS,
1588 2467 1764 2520 utitur
1808 2466 2067 2532 ConciliO,
2127 2472 2182 2522 et
2233 2468 2465 2537 requirit

420 2540 755 2610 adjutorium
795 2540 1117 2593 universalis
1157 2540 1425 2592 Ecclesiae.

571 2614 809 2668 Clemens
848 2614 952 2666 XI.
994 2618 1047 2667 et
1087 2614 1413 2666 Benedictus
1441 2613 1602 2666 XIV.
1644 2614 1950 2668 damnando
1982 2619 2042 2668 ut
2066 2618 2467 2681 superstitiosos

420 2689 680 2759 quosdam
718 2689 859 2742 ritus
900 2687 1153 2741 Cinenses
1194 2689 1513 2751 effecerunt,
1576 2688 1719 2757 quod
1759 2687 2021 2757 Religiosi
2079 2690 2463 2758 praedixerant,

419 2767 483 2816 nt
535 2766 657 2817 tota
706 2763 801 2815 illa
857 2763 1080 2815 ecclesia
1118 2763 1517 2826 destrueretur,
1578 2763 1705 2814 dum
1744 2779 1771 2814 e
1812 2766 2033 2825 contra,
2094 2763 2140 2815 81
2179 2764 2466 2816 methodus

418 2837 840 2908 Religiosorum,
885 2840 1076 2890 contra
1116 2855 1250 2906 quos
1290 2837 1577 2906 agebatur,
1631 2840 1907 2905 acceptata
1947 2837 2140 2890 fuisset
2187 2838 2346 2890 etiam
2400 2839 2465 2890 ab

420 2912 569 2976 aliis,
625 2911 924 2965 moderatio
966 2912 1205 2981 quaedam
1244 2911 1487 2964 adhibita
1526 2910 1734 2974 fuisset,
1775 2910 2046 2979 potuisset
2076 2912 2307 2964 obtineri
2350 2912 2466 2964 sine

420 2986 878 3050 damnationibUS,
919 2992 983 3040 ut
1020 2986 1160 3040 ritus
1200 2985 1284 3038 illi
1324 3004 1354 3037 a
1394 3003 1738 3054 quacunque,
1780 3002 1897 3053 quae
1937 2984 2068 3053 ipsis
2110 2985 2464 3055 objiciebatur

423 3060 830 3129 superstitionis
871 3061 1060 3114 umbra
1099 3063 1484 3131 purgarentur,
1527 3063 1582 3113 et
1621 3059 1914 3113 tolerantia
1952 3059 2195 3129 alicujUS,
2251 3060 2296 3113 si
2338 3060 2467 3129 quid

428 3138 544 3187 erat
596 3135 893 3188 materialis
934 3134 1153 3200 erroris,
1196 3139 1250 3187 et
1288 3137 1376 3187 tot
1414 3137 1762 3203 tempestates
1801 3149 2058 3201 repressae
2098 3134 2359 3196 fuissent,
2412 3138 2466 3187 et

423 3226 530 3278 pax
587 3212 800 3262 retenta
851 3213 906 3263 et
961 3209 1153 3280 religio
1206 3212 1537 3262 conservata.
1617 3207 1696 3261 Cf.
1748 3206 1904 3275 epist.
1945 3207 2015 3259 II.
2071 3207 2212 3262 Rmi.
2257 3208 2468 3278 Luquet

423 3299 648 3334 vescovo
687 3283 742 3334 di
780 3283 997 3337 Esebon
1036 3285 1089 3336 al
1127 3301 1353 3337 vescovo
1393 3282 1447 3335 di
1486 3282 1744 3352 Langres.

573 3354 716 3408 Illud
755 3357 918 3410 etiam
955 3358 1359 3421 advertendum,
1400 3361 1553 3427 gesta
1591 3355 1869 3420 Bonifacii
1918 3354 2075 3409 VIII.
2118 3356 2175 3408 in
2215 3355 2312 3409 illo
2353 3356 2466 3408 dis-

426 3429 562 3483 sidio
604 3447 723 3482 011111
762 3429 1099 3485 Francorum
1135 3450 1263 3504 rege
1301 3450 1333 3485 a
1369 3430 1665 3484 Benedicto
1704 3428 1800 3483 VI.
1841 3433 1895 3483 et
1935 3429 2207 3484 Clemente
2246 3429 2313 3483 V.
2355 3448 2467 3483 res-

428 3503 565 3558 cissa
601 3503 784 3557 fuisse.

575 3577 659 3632 Ex
699 3577 895 3647 quibus
935 3580 1186 3634 omnibus
1226 3581 1301 3634 sit
1338 3579 1704 3642 manifestum,
1745 3577 1802 3630 in
1830 3581 1964 3646 quot
2005 3581 2060 3631 et
2097 3577 2279 3647 quales
2319 3577 2464 3631 diffi-

431 3653 660 3706 cultates
698 3669 755 3706 se
794 3653 1106 3723 conjiciant,
1147 3655 1240 3723 qui
1278 3655 1431 3708 illam
1468 3653 1555 3707 vel
1592 3653 1712 3722 ipso
1752 3651 1972 3704 nomine
2023 3651 2252 3704 invisam
2302 3651 2466 3704 unius

429 3725 584 3781 Rom.
625 3725 912 3783 Pontificis
950 3728 1287 3799 personalem
1322 3727 1789 3791 infallibilitatem,
1830 3741 1948 3797 quae
1986 3725 2059 3782 sit
2098 3724 2474 3798 independens
