2612 4062
405 223 510 277 232

548 367 612 420 R.
654 365 797 419 Puto
849 364 1013 418 istam
1062 364 1586 436 interrogationem,
1626 367 1802 436 quoad
1842 365 2202 420 substantiam
2240 367 2448 431 saltem,

403 442 539 498 mihi
577 445 739 495 antea
777 439 976 492 factam
1015 439 1211 502 fuisse3
1254 444 1309 494 et
1333 441 1618 511 respondi3
1661 441 1969 495 Catholicos
2008 445 2194 495 tenere
2233 459 2288 494 se
2315 441 2452 494 obli-

403 517 522 590 gari
563 533 794 570 canones
834 533 866 566 a
905 513 1164 568 Conciliis
1203 514 1617 569 Universalibus
1656 516 1975 585 adoptatOS,
2016 519 2070 569 et
2108 516 2174 568 ab
2214 515 2453 568 Ecclesia

405 591 701 646 universim
740 591 1065 657 acceptatOS,
1107 589 1371 658 recipere:
1414 594 1510 644 aut
1549 609 1635 643 eas
1674 594 1855 659 partes
1896 590 2159 660 ejusmodi
2187 608 2452 643 canonum

404 684 538 737 quae
597 666 662 718 ab
714 663 955 716 Ecclesia
1004 662 1315 716 Universali
1373 665 1450 718 ita
1497 664 1610 718 sint
1658 668 1991 734 acceptatae3
2058 664 2218 734 idque
2277 664 2453 734 quoad

403 742 562 795 fidem
601 743 655 792 et
693 756 898 800 mores;
939 757 1052 791 non
1091 742 1272 791 autem
1312 740 1488 809 quoad
1528 738 1885 807 disciplinam.

550 814 592 866 Ι.
633 813 700 866 In
751 831 809 865 re
859 812 984 865 fidei
1035 817 1089 866 et
1140 832 1353 866 morum
1391 832 1531 866 anne
1570 813 1870 882 requiritur
1911 817 1973 867 ut
2012 832 2185 867 canon
2225 811 2453 868 Concilii

405 888 685 944 Generalis
724 888 790 939 ab
830 887 1071 940 Ecclesia
1110 888 1291 957 aliqua
1331 888 1652 958 particulari
1690 891 2033 957 acceptetur?

551 963 615 1016 R.
659 961 884 1024 Quando
928 961 1297 1015 Conciliorum
1349 981 1581 1015 canones
1633 980 1746 1015 rem
1785 966 2046 1032 tanquam
2085 961 2209 1014 fidei
2249 962 2453 1014 articu-

405 1057 526 1092 cum
566 1037 855 1099 definiunt,
898 1040 952 1090 et
994 1037 1311 1090 credendam
1351 1037 1620 1090 Ecclesiae
1659 1035 1968 1090 Universali
2022 1040 2366 1106 proponunt,
2409 1036 2455 1089 si

405 1113 709 1167 Concilium
746 1110 1063 1164 Universale
1103 1111 1269 1165 fuisse
1295 1115 1639 1182 agnoscatur,
1682 1111 1863 1164 fideles
1901 1114 2158 1164 tenentur
2197 1111 2454 1180 accipere,

405 1192 459 1241 et
515 1187 677 1240 istam
734 1185 1154 1240 declarationem
1219 1187 1439 1240 articuli
1508 1187 1631 1239 fidei
1687 1190 1947 1255 tanquam
2005 1204 2186 1238 veram
2243 1186 2453 1249 habere,

405 1262 646 1317 Ecclesia
684 1279 778 1330 per
806 1279 1000 1313 novem
1028 1261 1238 1313 saecula
1272 1280 1368 1330 per
1395 1260 1690 1314 Pontifices
1718 1261 1883 1330 ipSOS,
1923 1279 2020 1329 per
2048 1279 2199 1312 suam
2225 1260 2453 1328 praxim,

405 1356 499 1407 per
527 1355 653 1389 suos
680 1336 929 1389 doctores
956 1339 1010 1388 et
1032 1335 1325 1389 academias
1346 1335 1658 1398 declaravit,
1680 1334 1973 1388 Pontifices
2001 1335 2210 1386 nullum
2237 1334 2455 1387 omnino

400 1415 490 1482 jus
548 1412 743 1463 habere
802 1410 859 1461 in
912 1410 1128 1479 juribus
1190 1410 1578 1480 temporalibus
1637 1409 1846 1480 Regum
1905 1409 2285 1477 Principumve
2343 1427 2454 1461 sese

406 1486 722 1539 immiscere.
802 1483 855 1537 Si
909 1484 1163 1537 nonnulli
1203 1489 1566 1538 assentatores
1608 1483 1798 1536 Curiae
1839 1483 2111 1536 Romanae
2152 1483 2453 1546 extiterint,

409 1561 503 1631 qui
554 1560 691 1612 illud
737 1559 878 1630 juris
919 1558 1176 1612 Pontifici
1227 1559 1579 1623 vindicarint,
1635 1559 1831 1611 durum
1870 1562 1952 1612 est
1990 1577 2090 1610 nos
2130 1576 2230 1627 pro
2273 1576 2458 1610 eorum

408 1635 695 1689 sententiis
747 1634 1011 1702 spondere
1063 1634 1283 1686 debere:
1335 1633 1623 1703 praecipue
1673 1652 1818 1696 cum,
1872 1651 1963 1685 seu
2017 1637 2274 1701 tanquam
2316 1632 2456 1684 indi-

409 1711 601 1763 viduae
639 1727 918 1779 personae,
959 1727 1052 1761 seu
1081 1713 1338 1778 tanquam
1367 1707 1546 1771 Natio,
1587 1708 1748 1761 istam
1788 1707 2111 1761 sententiam
2138 1706 2455 1775 respuimuS,

411 1789 465 1838 et
506 1789 697 1838 contra
737 1783 922 1836 Bullas
961 1783 1122 1844 istaS,
1166 1802 1297 1852 quas
1338 1783 1393 1835 in
1435 1801 1537 1835 nos
1576 1782 1946 1846 immiserunt,
1990 1781 2102 1834 vita
2141 1783 2195 1833 et
2234 1781 2457 1833 fortuna

409 1863 599 1912 nostra
638 1858 1023 1911 dimicavimus,
1083 1856 1270 1927 Neque
1309 1857 1522 1910 nationi
1549 1856 1868 1925 exprobrari
1894 1856 2068 1925 possit
2096 1874 2194 1908 nos
2222 1873 2456 1924 unquam

412 1934 629 1987 cessisse
689 1933 763 1986 eis
822 1932 998 1985 Bullis
1058 1951 1193 2002 quae
1251 1932 1432 2000 aliquo
1491 1931 1650 1984 modo
1717 1931 1922 1983 laedere
1984 1930 2279 1983 tendebant
2336 1931 2457 1998 jura

409 2013 727 2063 nostrorum
767 2007 1000 2078 Regum,
1044 2007 1238 2076 quibus
1277 2025 1484 2075 semper
1525 2005 1859 2058 devotissimi
1898 2005 2193 2057 extitimus.

558 2083 727 2136 Istam
778 2082 1006 2151 proinde
1059 2081 1385 2135 sententiam
1412 2080 1705 2148 >rejicimus
1759 2084 2014 2148 tanquam
2055 2079 2112 2130 in
2154 2077 2459 2146 Scripturis

410 2177 522 2212 non
548 2158 847 2219 fundatam,
888 2157 979 2209 sed
1019 2156 1202 2224 potius
1243 2156 1318 2208 eis
1361 2155 1668 2224 oppositam
1697 2155 1962 2223 simulque
1992 2153 2212 2206 Patrum
2241 2156 2462 2204 nostro-

410 2252 533 2286 rum
572 2231 885 2294 traditioni3
926 2231 1116 2284 multis
1158 2231 1319 2284 etiam
1359 2229 1629 2282 Ecclesiae
1667 2229 1836 2298 ipsius
1863 2228 2082 2281 Italicae
2121 2227 2463 2279 auctoritati-

411 2310 529 2372 buS,
570 2307 842 2360 Ecclesiae
882 2305 1245 2370 Germanicae,
1288 2305 1556 2358 Ecclesiae
1597 2302 1850 2367 Gallicae,
1892 2302 2161 2355 Ecclesiae
2200 2300 2466 2371 Anglicae

414 2388 468 2436 et
534 2382 804 2435 Ecclesiae
867 2380 1220 2450 Hispanicae,
1282 2411 1349 2418 —-
1408 2383 1669 2447 tanquam
1732 2378 1873 2430 nulli
1935 2377 2044 2430 alio
2109 2376 2463 2428 fundamento

415 2457 660 2510 innixam
684 2497 696 2521 ,
762 2475 922 2525 quam
985 2455 1315 2508 Pontificum
1379 2453 1589 2506 actibus
1654 2451 2107 2515 inauthorizatis,
2175 2467 2465 2519 eorumque

416 2531 848 2587 assentatoribus
888 2529 1075 2584 Italis:
1117 2547 1178 2582 ea
1211 2547 1324 2582 non
1365 2528 1523 2581 debet
1562 2527 1719 2580 nobis
1759 2526 2034 2598 imputari.

1034 2677 1168 2732 Rev.
1210 2676 1306 2731 Ds.
1349 2675 1558 2729 DANIEL
1597 2674 1848 2727 MURRAY.

1212 2799 1278 2848 17
1317 2793 1467 2847 Maii
1504 2795 1666 2847 1825.

567 2904 610 2958 Ι.
653 2902 991 2957 Testimonio
1051 2919 1231 2954 coram
1284 2899 1388 2952 hoc
1442 2899 1703 2952 comitatu
1753 2897 1878 2951 dato
1920 2899 2135 2950 constat
2175 2896 2466 2948 Doctorem

421 2981 569 3049 Troy
627 2977 1136 3048 (Archiepiscopum
1193 2974 1323 3028 olim
1375 2972 1806 3039 Dubliniensem)
1866 2989 2008 3023 anno
2067 2975 2235 3033 1793,
2295 2969 2468 3022 decla-

421 3055 689 3108 rationem
746 3071 838 3106 seu
895 3051 1110 3105 litteras
1169 3049 1409 3112 dedisse,
1470 3048 1527 3100 in
1586 3067 1690 3117 qua
1741 3045 1874 3098 dicit
1929 3045 2100 3099 teneri
2160 3044 2466 3098 Catholicos

422 3128 706 3182 Pontificis
745 3128 812 3181 iis
851 3125 1237 3180 descisionibus
1275 3127 1331 3176 et
1367 3123 1594 3176 decretis
1641 3121 1700 3174 in
1737 3120 1962 3173 materia
2000 3120 2123 3172 fidei
2164 3123 2217 3173 et
2256 3135 2469 3171 morum

425 3221 537 3256 sese
575 3202 865 3272 subiicere,
907 3200 1102 3271 quibus
1140 3199 1311 3269 major
1351 3217 1478 3266 pars
1517 3196 1908 3266 episcoporum,
1949 3194 2222 3247 ecclesiam
2261 3193 2468 3261 disper-

426 3295 540 3330 sam
578 3275 1102 3345 repraesentantium
1140 3292 1230 3327 seu
1270 3271 1722 3343 gubernantium,
1765 3287 2081 3322 consensum
2121 3286 2303 3330 suum,
2357 3265 2468 3319 sive

427 3368 672 3420 expresse
710 3351 822 3402 sive
860 3350 1040 3414 tacite,
1082 3346 1448 3419 praebuerint,
1490 3350 1586 3400 aut
1622 3363 1653 3398 a
1691 3343 1885 3413 quibus
1925 3362 2036 3397 non
2077 3341 2464 3396 dissenserint:

429 3424 568 3490 Quid
606 3423 1023 3494 intelligendum
1063 3426 1144 3477 est
1183 3440 1280 3491 per
1317 3421 1479 3474 istam
1517 3417 1964 3473 declarationem?

578 3498 644 3552 R.
685 3497 786 3550 Est
823 3498 1071 3550 doctrina
1110 3495 1352 3550 omnium
1390 3494 1820 3555 catholicorum,
1861 3492 2144 3555 Pontifex,
2186 3493 2249 3543 ut
2289 3489 2464 3558 Caput

431 3573 717 3638 Ecclesiae,
750 3572 840 3641 jus
878 3570 1074 3624 habeat
1112 3572 1386 3624 decretum
1412 3566 1711 3623 doctrinale
1750 3566 1816 3619 ad
1843 3566 2148 3620 universam
2174 3563 2467 3617 Ecclesiam

432 3649 681 3721 dirigere.
758 3644 859 3699 Per
917 3644 1095 3715 ipsum
1143 3645 1396 3700 Pastores
1447 3641 1716 3709 Ecclesiae
1767 3641 1968 3697 invitat
2019 3639 2222 3706 dicere,
2283 3642 2466 3701 utrum,
