2612 4062
437 209 542 260 242

434 354 497 407 of
529 354 630 407 His
669 353 952 419 HolineSS,
1008 354 1241 424 adopted
1295 374 1357 408 or
1411 356 1669 410 intended
1708 360 1768 410 to
1807 357 1873 410 be
1910 357 2168 427 adopted,
2208 362 2307 412 not
2347 359 2478 430 only

433 430 669 482 without
703 448 801 482 our
830 446 1207 494 concurre-nce,
1247 430 1346 484 but
1386 430 1443 482 in
1471 430 1643 484 direct
1670 431 1984 501 opposition
2011 436 2070 485 to
2099 452 2199 486 our
2225 434 2475 503 repeated

432 504 789 568 resolutionS,
846 503 948 555 and
1003 504 1097 556 the
1136 522 1266 572 very
1307 505 1578 575 energetie
1617 504 1901 559 Memoria]
1942 507 2224 576 presented
2266 526 2337 561 on
2378 526 2477 561 our

431 579 619 630 behalf
652 579 724 646 by
763 596 863 630 our
903 578 1124 647 deputy,
1164 578 1256 632 the
1296 578 1443 632 Most
1482 579 1762 632 Reverend
1800 580 1887 633 D?
1926 580 2178 650 Murray,
2228 582 2378 646 wh0,
2419 582 2477 634 in

431 652 552 705 that
603 652 843 721 quality,
906 671 1011 705 was
1065 671 1214 705 more
1266 658 1576 723 competent
1634 658 1692 707 to
1742 654 1946 707 inform
1984 654 2086 708 His
2125 655 2381 709 Holiness
2420 657 2483 709 of

429 727 521 779 the
571 727 684 778 real
734 731 878 780 state
929 727 1035 779 and
1082 727 1338 781 interests
1387 728 1450 780 of
1493 729 1587 781 the
1627 728 1837 782 Roman
1879 729 2124 783 Catholic
2164 729 2375 782 Church
2417 731 2475 782 in

430 801 659 865 Ireland,
700 801 836 854 than
874 819 982 869 any
1015 801 1172 854 other
1198 802 1330 855 with
1367 802 1544 855 whom
1585 803 1650 855 he
1689 803 1735 855 is
1774 803 1889 856 said
1915 808 1973 857 to
2013 804 2148 856 have
2176 804 2473 857 consulted.

578 875 873 929 RESOLVED.
953 875 1096 929 That
1144 895 1175 928 a
1224 876 1558 930 declaration
1610 878 1672 930 of
1714 877 1864 930 these
1904 897 2003 930 our
2044 879 2362 932 sentiments
2406 909 2470 915 —-

427 950 742 1019 respectful,
797 950 921 1002 firm
960 950 1064 1002 and
1103 951 1322 1003 decided
1365 983 1430 988 —
1471 952 1536 1004 be
1573 951 1920 1005 transmitted
1959 956 2018 1005 to
2058 953 2152 1005 the
2190 952 2337 1021 Holy
2379 951 2475 1005 See

427 1024 629 1088 which,
683 1042 762 1076 we
800 1028 973 1089 trust,
1015 1026 1125 1077 will
1166 1043 1369 1096 engage
1407 1025 1507 1079 His
1546 1026 1799 1079 Holiness
1838 1031 1896 1080 to
1937 1026 2039 1079 feel
2077 1027 2185 1079 and
2223 1029 2474 1080 acknow-

428 1098 598 1169 ledge,
641 1099 734 1151 the
767 1101 1010 1168 justness
1050 1099 1157 1152 and
1198 1100 1483 1170 propriety
1524 1101 1586 1154 of
1619 1101 1732 1154 this
1774 1119 1873 1153 our
1913 1101 2347 1154 determination.

1171 1338 1724 1398 APPENDIX

1422 1498 1472 1553 Ι)

573 1618 717 1673 Ante
757 1639 929 1674 annos
970 1621 1081 1674 fere
1108 1621 1388 1674 duodecim
1428 1621 1610 1674 audivi
1651 1621 1928 1691 quemdam
1970 1621 2027 1673 in
2066 1621 2152 1673 die
2192 1620 2467 1674 Paschatis

423 1694 864 1759 concionantem,
921 1696 1014 1765 qui
1061 1696 1199 1749 dixit
1238 1695 1532 1749 Dominum
1584 1700 1711 1765 post
1762 1695 2234 1748 Resurrectionem
2272 1694 2468 1748 Beatae

423 1767 624 1821 Mariae
664 1769 884 1841 Virgini
928 1773 1103 1838 primo
1152 1770 1481 1840 apparuisse.
1561 1772 1735 1833 Quum
1790 1769 2004 1823 Marcus
2044 1769 2191 1823 XVI.
2233 1774 2281 1823 9.
2337 1788 2466 1822 con·

422 1844 651 1896 tra-rium
710 1845 886 1897 dicere
936 1845 1212 1910 videatur,
1273 1844 1521 1898 consului
1572 1849 1850 1909 auctores,
1910 1845 2054 1897 inter
2108 1863 2242 1914 quos
2293 1843 2465 1896 Bene-

421 1917 626 1970 dictum
664 1917 843 1983 XIV.,
898 1919 976 1971 De
1016 1919 1190 1973 Festis
1231 1919 1482 1983 Domini,
1536 1919 1652 1971 Lib.
1694 1919 1736 1972 I.
1779 1938 1892 1988 cap.
1936 1917 2087 1971 VIII.
2128 1938 2181 1971 n.
2223 1925 2328 1983 45„
2373 1918 2465 1987 qui

421 1992 591 2057 idem,
633 1994 778 2064 quod
817 1994 1187 2057 concionator,
1228 1993 1382 2058 dixit,
1424 1993 1667 2063 quamvis
1706 1993 1956 2047 retulerit
1995 1993 2209 2046 Estium
2249 1997 2466 2046 contra-

421 2067 560 2118 rium
586 2068 890 2120 asseruisse.
947 2068 1071 2121 Piae
1098 2073 1280 2122 tamen
1306 2068 1593 2121 traditioni
1618 2068 1717 2120 hac
1744 2068 1801 2120 in
1827 2087 1901 2132 re,
1930 2068 2058 2120 licet
2083 2067 2465 2138 Evangelistae

420 2142 596 2194 verbis
617 2146 802 2211 aperte
826 2143 1240 2206 contradicenti,
1263 2143 1659 2195 adhaerendum
1679 2143 1923 2212 putavit3
1958 2143 2191 2213 allegata
2223 2141 2464 2195 authori-

419 2219 532 2269 tate
572 2215 624 2269 S.
668 2216 972 2282 Ambrosii,
1027 2217 1144 2270 Lib.
1185 2217 1285 2270 III.
1327 2217 1390 2270 de
1430 2217 1775 2288 VirginibuS,
1819 2221 1873 2270 et
1911 2216 2146 2281 Irenaei,
2190 2215 2463 2269 Adversus

420 2289 696 2356 Haereses,
750 2292 950 2354 lib.‚V.
995 2310 1036 2345 c.
1083 2297 1169 2346 31.
1213 2291 1346 2344 Cum
1383 2292 1460 2356 hi,
1513 2292 1703 2345 saltem
1743 2291 2025 2355 IrenaeuS,
2067 2295 2259 2360 utpote
2299 2290 2463 2358 Poly-

421 2366 570 2435 carpi
608 2365 840 2419 Joannis
879 2367 1143 2420 auditoris
1182 2366 1496 2436 discipulus,
1537 2366 1697 2420 istius
1737 2365 2052 2419 traditionis
2079 2365 2276 2418 tradux
2303 2365 2461 2417 facile

418 2458 530 2492 esse
569 2441 865 2510 potuisset,
920 2446 1211 2511 utrumque
1249 2441 1420 2506 adivi,
1475 2441 1564 2494 sed
1603 2445 1856 2494 neutrum
1896 2441 1981 2493 vel
2019 2459 2186 2493 unum
2238 2441 2460 2492 verbum

418 2514 483 2566 de
531 2514 636 2568 ista
685 2515 1027 2585 apparitione
1080 2516 1343 2584 scriptum
1382 2515 1665 2584 reliquisse
1702 2515 1901 2568 inveni.
1981 2513 2300 2568 Ambrosius
2339 2513 2460 2584 qui-

417 2588 555 2654 dem,
586 2620 652 2627 —-
680 2609 791 2642 non
831 2589 946 2643 Lib.
989 2589 1088 2642 III.
1132 2590 1195 2642 de
1243 2590 1571 2657 Viryinibus,
1613 2589 1671 2641 in
1711 2589 1903 2658 quibus
1942 2589 2007 2641 de
2045 2588 2197 2641 nulla
2236 2588 2458 2641 Domini

417 2664 763 2732 apparitione
801 2663 1006 2734 aliquid
1045 2663 1312 2728 occurrit,
1369 2663 1460 2716 sed
1501 2663 1557 2715 in
1597 2662 1762 2716 Libro
1803 2663 1867 2716 de
1917 2661 2240 2730 Vz'ryinitate
2278 2661 2458 2726 unicO,

419 2738 512 2807 qui
571 2743 696 2809 post
755 2739 955 2792 librum
1013 2739 1076 2791 de
1138 2738 1330 2792 Vidm's
1388 2737 1481 2807 qui
1539 2737 1783 2806 sequitur
1829 2741 1940 2790 tres
1987 2737 2123 2790 istos
2175 2735 2343 2789 libros
2395 2735 2459 2789 de

428 2812 764 2881 Viryinibus,
826 2843 892 2852 —
950 2813 1134 2882 lapsus
1190 2813 1474 2876 memoria,
1535 2815 1596 2865 ut
1653 2811 1884 2864 editores
1942 2814 2167 2875 notant,
2231 2808 2458 2863 Mariam

418 2886 664 2940 Joannae
717 2906 837 2940 cum
890 2888 1062 2940 altera
1100 2886 1295 2951 Maria,
1351 2906 1511 2956 quam
1550 2905 1649 2956 pro
1690 2884 1900 2956 virgine
1938 2884 2188 2938 habuisse
2228 2885 2456 2950 videtur,

421 2962 681 3027 confudit,
726 2981 846 3016 cum
885 2962 934 3015 ei
974 2962 1134 3026 dicat,
1176 2961 1231 3015 C.
1254 2961 1354 3014 III.
1397 2981 1450 3014 n.
1490 2968 1552 3015 14
1591 2961 1690 3014 sub
1717 2960 1894 3024 finem,
1935 2959 2231 3012 Dominum
2257 2957 2458 3012 Mariae

420 3037 624 3104 primo,
678 3037 868 3089 deinde
919 3035 1268 3107 Magdalenae
1319 3035 1646 3106 apparuisse.
1724 3034 1857 3088 Cum
1893 3038 2071 3087 autem
2110 3033 2354 3104 loquitur
2393 3032 2457 3086 de

420 3111 525 3163 ista
581 3110 754 3164 Maria
810 3113 962 3182 cujus
1020 3111 1224 3164 mentio
1283 3111 1427 3163 facta
1483 3110 1675 3175 fuerit,
1742 3128 1766 3156 «
1791 3108 1851 3162 in
1906 3107 2168 3162 hodierna
2223 3107 2456 3161 lectione

424 3183 761 3255 Evangelii»,
817 3205 978 3255 quam
1019 3186 1182 3250 citat,
1231 3185 1449 3238 obvium
1487 3188 1569 3238 est
1609 3202 1730 3236 eum
1769 3202 1880 3236 non
1920 3183 1983 3236 de
2022 3182 2196 3237 Matre
2235 3179 2456 3236 Domini

418 3258 508 3310 sed
547 3259 610 3310 de
653 3260 858 3312 «altera
882 3259 1106 3325 Maria»,
1149 3263 1300 3331 cujus
1338 3257 1584 3312 meminit
1604 3256 1910 3324 Matthaeus
1930 3255 2183 3311 XXVIII.
2214 3260 2258 3310 1.
2285 3256 2452 3326 loqui.

419 3329 671 3385 Irenaeus
721 3334 839 3387 loco
893 3334 1059 3388 citato
1110 3334 1354 3404 loquitur
1406 3334 1469 3387 de
1518 3332 1691 3386 Maria
1742 3330 2087 3403 Magdalena,
2141 3334 2203 3384 ut
2251 3330 2455 3402 legenti

419 3424 540 3458 eum
579 3406 733 3458 facile
770 3409 995 3476 patebit,
1037 3408 1278 3479 quamvis
1318 3427 1433 3462 eam
1470 3427 1578 3462 una
1615 3407 1804 3461 saltem
1843 3406 1958 3460 vice
1995 3404 2196 3460 Mariae
2235 3403 2453 3459 nomine

418 3479 681 3550 designet.

568 3553 651 3607 Ex
701 3553 806 3607 hoc
849 3559 1000 3623 patet
1039 3574 1199 3626 quam
1238 3556 1535 3611 oscitanter
1574 3554 1631 3609 in
1669 3553 1902 3608 citandis
1939 3553 2179 3624 antiquis
2217 3568 2453 3607 summae

419 3628 583 3683 etiam
639 3627 962 3682 eruditionis
1014 3631 1119 3682 viri
1170 3631 1561 3702 processerint:
1615 3630 1752 3683 alter
1799 3629 2023 3683 alterius
2074 3646 2284 3682 errores
2335 3627 2451 3682 sine
