2722 4146
461 249 529 298 56

458 393 573 462 ipse
599 390 863 454 Acacius;
902 388 1093 442 deinde
1118 387 1185 440 ad
1212 386 1557 441 manifestam
1585 406 1758 443 causae
1785 391 2086 456 veritatem,
2128 410 2247 461 quae
2272 393 2504 463 proinde

458 485 600 520 novo
642 466 872 519 concilio
911 482 1022 516 non
1049 461 1355 531 indigebat:
1396 462 1464 515 ad
1490 462 1812 517 universalis
1842 465 2095 519 Ecclesiae
2121 467 2505 522 auctoritatem

459 545 514 595 et
551 540 903 611 suffragium:
964 541 1018 590 et
1055 537 1197 588 hanc
1247 540 1450 590 sanctae
1502 537 1615 590 sedi
1653 540 2072 610 praerogativam
2125 541 2400 606 adscribit,
2442 547 2505 597 ut

457 619 683 685 propter
722 631 878 667 suum
917 611 1289 680 Principatum
1335 628 1449 680 prae
1502 613 1708 665 caeteris
1762 615 2011 667 omnibus
2065 615 2277 668 sedibus
2316 617 2506 670 unius-

460 691 717 759 cujusque
757 685 951 756 synodi
991 684 1368 750 constitutum,
1410 686 1554 755 quod
1591 688 1912 742 universalis
1951 687 2226 743 Ecclesiae
2254 691 2506 756 probavit

459 780 721 826 assensus,
764 764 1057 827 exequatur
1097 763 1151 813 et
1191 761 1500 813 continuata
1538 762 1893 816 moderatione
1933 765 2212 829 custodiat,
2268 764 2322 816 id
2361 766 2504 834 quod

458 839 517 890 in
554 835 900 889 damnatione
938 833 1124 887 Acacii
1176 834 1539 903 praestiterat.
1595 835 1749 901 «Hic,
1802 837 1880 890 ait
1931 838 1991 890 in
2042 839 2224 891 eadem
2276 839 2507 908 epistola

460 911 722 974 GelasiuS,
782 909 828 962 si
887 908 1213 962 examinatio
1273 910 1553 979 quaeritur,
1603 915 1716 980 J’am
1761 911 1968 981 judicio
2024 931 2135 965 non
2195 917 2313 966 erat
2353 933 2505 983 OPUS,

457 990 808 1055 posteaquam
862 987 916 1036 et
965 983 1140 1036 literis
1190 983 1300 1036 suis
1352 984 1467 1052 ipse
1518 983 1793 1054 (Aeacius)
1847 1005 2137 1039 consensus
2188 991 2285 1051 est,
2338 992 2392 1042 et
2441 988 2507 1041 ad

459 1059 763 1143 legitimum
796 1058 1063 1128 judicium
1101 1062 1326 1111 vocatus
1353 1058 1502 1111 adire
1528 1060 1816 1128 pertinuit,
1858 1060 1902 1113 si
1927 1062 2271 1114 auctoritatis
2298 1063 2509 1132 pondus

456 1133 771 1203 inquiritur,
814 1131 1261 1185 Chalcedonensis
1302 1133 1496 1201 synodi
1534 1137 1694 1187 tenor
1735 1153 1855 1188 cum
1884 1133 2203 1204 Apostolica
2231 1137 2352 1188 sede
2381 1155 2508 1189 con-

461 1208 716 1292 sentienS,
758 1211 814 1260 et
851 1207 1000 1260 illius
1040 1206 1376 1259 definitionis
1417 1209 1663 1262 executio
1703 1209 1973 1278 reperitur
2013 1211 2354 1264 condemnati
2393 1211 2508 1265 illic

459 1282 659 1336 erroris
701 1281 1129 1335 communicator
1168 1282 1443 1335 effectuS.»

607 1357 694 1409 En
733 1356 1002 1426 quomodo
1044 1355 1289 1409 Gelasius
1330 1375 1443 1409 non
1483 1357 1551 1409 ad
1591 1376 1742 1410 suam
1779 1362 2012 1421 tantum,
2055 1359 2144 1411 sed
2173 1359 2240 1411 ad
2269 1361 2509 1412 auctori-

457 1436 625 1486 tatem
664 1431 861 1500 synodi
882 1430 1328 1484 Chalcedonensis
1368 1432 1635 1500 appellat!
1695 1432 1770 1486 Et
1807 1432 1950 1485 infra
1988 1433 2046 1485 in
2073 1433 2253 1485 eadem
2280 1434 2510 1503 epistola

461 1525 762 1576 supremam
801 1509 856 1559 et
895 1505 1350 1559 irretractabilem
1388 1507 1771 1560 auctoritatem
1822 1511 2040 1560 tantum
2086 1507 2144 1559 in
2196 1526 2256 1560 ea
2303 1509 2509 1577 synodo

463 1582 711 1644 collocat,
752 1599 914 1650 quam
953 1584 1147 1633 cuneta
1185 1580 1427 1633 Ecclesia
1466 1581 1688 1650 recepit,
1742 1585 1796 1634 et
1847 1582 2146 1651 apostolica
2196 1583 2343 1636 sedes
2384 1602 2510 1652 pro-

461 1656 640 1709 bavit:
681 1655 762 1708 ait
800 1655 972 1707 enim:
1031 1654 1205 1707 «Male
1243 1659 1394 1725 gesta
1434 1656 1688 1724 synoduS,
1743 1656 1798 1708 id
1838 1660 1919 1710 est
1967 1660 2158 1709 contra
2210 1658 2510 1726 scripturas

463 1734 694 1794 sanctas,
737 1733 930 1783 contra
968 1730 1273 1783 doctrinam
1310 1729 1551 1795 Patrum,
1609 1734 1800 1783 contra
1852 1730 2238 1783 ecclesiasticas
2278 1732 2510 1802 regulaS,

463 1824 620 1875 quam
663 1808 781 1858 tota
818 1804 1014 1857 merito
1055 1804 1296 1857 Ecclesia
1352 1823 1466 1857 non
1506 1805 1727 1874 recepit,
1781 1809 1836 1858 et
1893 1805 2163 1874 praecipue
2212 1807 2511 1874 apostolica

463 1880 611 1933 sedes
651 1898 764 1932 non
805 1878 1075 1948 probavit,
1116 1897 1212 1948 per
1251 1880 1387 1931 bene
1426 1883 1635 1949 gestam
1673 1879 1958 1948 synodum,
2005 1879 2059 1931 id
2099 1883 2180 1932 est
2219 1881 2511 1932 secundum

461 1955 777 2023 scripturaS,
821 1954 1114 2006 secundum
1139 1954 1490 2007 traditionem
1520 1953 1761 2018 Patrum,
1803 1954 2096 2006 secundum
2122 1954 2512 2008 ecclesiasticas

460 2029 691 2099 regulas,
732 2047 832 2097 pro
875 2028 978 2080 fide
1019 2028 1286 2081 catholica
1313 2032 1367 2081 et
1394 2029 1772 2081 communione
1798 2028 2086 2097 prolatam,
2129 2047 2287 2097 quam
2315 2030 2511 2082 merito

461 2104 664 2172 recepit
703 2102 961 2167 Ecclesia,
1003 2122 1160 2172 quam
1201 2103 1430 2155 maxime
1482 2103 1630 2156 sedes
1681 2102 1983 2172 apostolica
2029 2103 2418 2172 comprobavit,
2461 2105 2514 2156 et

462 2178 707 2231 debuerit
745 2181 801 2230 et
837 2178 1084 2247 potuerit
1124 2178 1430 2240 immutari3
1471 2178 1605 2230 bene
1644 2196 1771 2230 vero
1811 2182 2018 2248 gestam
2058 2177 2325 2245 synodum
2353 2180 2513 2247 juxta

462 2252 833 2321 supradictum
872 2252 1106 2316 modum,
1149 2271 1290 2305 nova
1329 2252 1538 2321 synodo
1583 2252 1895 2305 nullatenus
1936 2252 2377 2304 immutandam.»
2438 2251 2512 2306 Et

463 2327 643 2379 infra:
707 2325 847 2379 «Pro
906 2327 1011 2379 fide
1070 2331 1252 2380 autem
1309 2331 1364 2380 et
1414 2327 1645 2380 veritate
1703 2330 1757 2380 et
1810 2326 2187 2379 communione
2227 2326 2510 2390 catholica,

465 2403 608 2454 bona
661 2401 902 2469 synodus
954 2419 1183 2470 vereque
1236 2402 1533 2454 christiana
1585 2401 1746 2454 semel
1798 2405 1935 2465 acta,
1987 2401 2139 2453 nulla
2185 2419 2285 2453 nec
2330 2404 2514 2470 potest

466 2493 563 2527 nec
602 2475 758 2527 debet
809 2493 963 2527 novae
1013 2476 1207 2543 synodi
1261 2475 1555 2529 iteratione
1606 2476 1855 2539 convelli,
1908 2476 1998 2527 sed
2051 2475 2341 2528 secundum
2381 2476 2514 2528 bene

467 2552 676 2618 gestam
735 2549 1003 2616 synodum
1056 2551 1308 2617 recteque
1363 2549 1655 2616 praefixam,
1716 2551 1762 2601 si
1820 2550 1940 2618 quis
1998 2550 2065 2602 ab
2124 2553 2238 2619 ejus
2295 2550 2512 2603 tramite

469 2622 720 2686 deviarit,
761 2626 1151 2691 consequenter
1190 2641 1251 2675 ac
1290 2622 1623 2674 sufficienter
1664 2625 1776 2691 ejus
1817 2623 2132 2676 definitione
2178 2624 2511 2692 plectenduS‚

468 2697 770 2765 meritoque
808 2695 955 2749 illius
994 2696 1235 2766 subjacet
1275 2696 1608 2759 constitutiS,
1660 2715 1758 2749 nec
1816 2715 1949 2765 opus
2000 2701 2082 2749 est
2133 2716 2228 2765 per
2266 2698 2513 2767 singulos

469 2789 709 2841 quosque
768 2769 1043 2824 deviantes
1106 2772 1334 2841 J'ureque
1390 2770 1726 2839 plectendOS,
1786 2767 1964 2840 novas}
2020 2789 2210 2824 rursus
2278 2771 2512 2840 synodos

468 2845 798 2899 introduci.»

615 2919 774 2973 Unde
813 2923 868 2973 et
906 2919 1043 2972 illud
1082 2923 1252 2989 patet,
1294 2938 1400 2989 quo
1441 2936 1599 2972 sensu
1640 2918 1949 2988 accipienda
1988 2918 2062 2971 sit
2087 2918 2182 2971 illa
2210 2919 2509 2972 sententia:

471 2994 848 3064 Apostolicam
898 2994 1075 3048 sedem
1127 2994 1191 3047 de
1242 2993 1489 3047 omnibus
1523 2994 1782 3063 judicare,
1835 2993 2006 3062 ipsam
2057 3011 2184 3046 vero
2223 3012 2254 3045 a
2299 2994 2512 3046 nemine

465 3069 715 3139 judicari,
756 3069 818 3122 de
857 3088 963 3139 qua
1001 3088 1164 3138 supra
1203 3068 1425 3140 egimuS,
1480 3072 1534 3121 et
1585 3087 1744 3137 quam
1794 3067 1853 3119 in
1889 3067 1990 3120 hac
2029 3086 2243 3136 quoque
2283 3068 2514 3137 epistola

473 3143 733 3196 inseruit:
775 3147 830 3197 et
869 3162 1030 3214 quam
1068 3144 1231 3214 longe
1270 3145 1412 3196 esset
1450 3141 1692 3195 Gelasius
1731 3143 1798 3195 ab
1836 3142 1931 3193 illa
1977 3141 2242 3205 doctrina,
2298 3160 2415 3211 quae
2454 3142 2513 3194 in

475 3218 633 3270 unius
672 3217 827 3271 Rom.
870 3218 1155 3271 Pontificis
1196 3217 1466 3287 personali
1505 3221 1559 3270 et
1598 3236 1630 3268 a
1669 3220 1786 3270 tota
1825 3215 2063 3268 Ecclesia
2122 3216 2512 3284 independente

474 3291 705 3344 arbitrio
748 3292 979 3345 collocat
1018 3293 1268 3346 ultimam
1292 3295 1362 3345 ‘et
1399 3291 1850 3345 irretractabilem
1876 3290 2227 3352 sententiam3
2270 3290 2363 3359 qui
2387 3294 2512 3343 tan-

475 3370 594 3419 tum
631 3382 746 3416 eam
785 3366 1048 3434 synodum
1087 3366 1336 3438 agnoscit
1372 3365 1822 3419 irretractabilem
1859 3365 2103 3434 regulam
2161 3364 2302 3427 fidei,
2353 3382 2512 3434 quam

476 3438 767 3494 secundum
802 3440 1159 3508 apostolicam
1197 3440 1547 3495 traditionem
1577 3443 1631 3493 et
1658 3442 1869 3493 sanctas
1897 3438 2192 3507 scripturas
2219 3442 2274 3491 et
2299 3441 2512 3490 sanctos

476 3514 667 3567 Patres
706 3516 761 3566 et
799 3513 1184 3569 ecclesiasticas
1223 3515 1438 3587 regulas
1475 3518 1683 3585 gestam
1722 3513 1876 3567 unita
1913 3512 2117 3582 recepit
2165 3511 2419 3575 Ecclesia,
2459 3517 2512 3564 et

479 3606 640 3658 quam
694 3587 927 3640 maxime
983 3588 1130 3642 sedes
1186 3588 1273 3659 Ap
1279 3589 1509 3644 ostolica
1574 3586 1958 3658 comprobavit.
2062 3585 2210 3638 Idem
2278 3585 2514 3641 inculcat

477 3661 734 3719 Pontifex
772 3659 1019 3718 Gelasius
1058 3662 1117 3718 in
1154 3663 1385 3735 epistola
1422 3662 1490 3719 ad
1527 3662 1824 3735 Episcopos
1864 3659 2184 3717 Orientale&
