2612 4062
2101 237 2200 288 197

159 402 417 454 persona,
478 387 532 438 et
582 383 711 436 fides
766 384 833 435 ab
886 402 947 437 eo
986 385 1294 452 praedicata
1345 384 1418 437 sit
1457 382 1727 436 Ecclesiae
1776 381 2207 448 fundamentum,

159 459 309 512 illam
335 458 505 527 ipsam
547 462 731 527 petrae
765 457 1114 523 soliditatem,
1155 478 1261 528 qua
1286 457 1688 529 persona0Petri
1715 456 1929 528 gaudet,
1972 457 2209 510 eamdem

159 533 270 586 eius
310 533 435 584 fidei
463 551 575 585 esse
606 531 951 585 tribuendam
978 538 1145 601 patet,
1186 553 1271 597 ne,
1313 533 1415 586 hac
1440 532 1739 595 deficiente,
1782 534 1960 593 totum
1988 535 2210 585 corruat

157 607 476 659 aedificium.
553 606 798 675 Utraque
836 625 964 677 ergo
1007 608 1201 660 horum
1242 606 1447 661 Christi
1488 607 1778 659 verborum
1815 606 2083 675 expositio
2125 609 2207 659 est

158 683 271 748 ejus
310 681 606 734 intentioni
645 680 704 732 in
744 681 1019 733 condenda
1059 683 1296 735 Ecclesia
1337 681 1541 750 optime
1583 684 1966 744 consentanea,
2009 684 2062 734 et
2099 700 2209 733 una

156 755 223 807 ad
262 756 488 808 alteram
529 754 727 807 clarius
775 757 1145 823 exponendam
1185 756 1431 809 inservit.
1510 754 1699 808 Patres
1739 754 1923 823 itaque
1961 755 2208 824 priorum

158 829 518 892 saeculorum,
569 829 663 897 qui
703 847 763 881 ea
802 830 963 882 verba
1002 831 1068 883 ad
1107 831 1259 884 Petri
1298 848 1585 900 personam
1625 829 2036 898 applicuerunt,
2093 847 2207 882 non

156 904 332 956 solum
372 903 658 955 secundam
699 904 1089 972 expositionem
1130 924 1240 957 non
1280 904 1604 967 excludunt,
1647 904 1737 956 sed
1774 903 2038 972 implicite
2078 923 2206 973 sup-

154 981 398 1047 ponunt3
439 982 791 1047 agnoscentes
833 979 976 1030 enim
1005 979 1153 1032 Petri
1184 997 1467 1048 personam
1494 996 1607 1030 esse
1647 978 1972 1030 immobilem
2012 978 2206 1031 funda-

91 1069 98 1079 ‘
154 1052 444 1104 mentalem
494 1056 705 1120 petram
753 1054 926 1105 totius
978 1054 1247 1106 Ecclesiae
1301 1052 1558 1115 aedificii,
1614 1052 1720 1104 iam
1773 1052 2036 1121 implicite
2090 1055 2204 1122 ejus

155 1126 312 1179 fidem
371 1145 584 1196 quoque
635 1127 691 1178 in
747 1128 926 1179 eadem
975 1128 1323 1180 'fundamenti
1381 1129 1594 1179 ratione
1645 1145 1938 1196 agnoscere
1989 1127 2213 1191 debent,

146 1219 275 1253 -cum
328 1201 508 1252 eadem
559 1201 689 1253 fides
743 1202 1083 1255 sit‘unitatis
1123 1202 1537 1254 fundamentum
1578 1201 1748 1253 totius
1789 1201 2034 1253 aedificii.
2113 1201 2205 1253 Illi

153 1278 335 1328 autem
387 1275 480 1343 qui
522 1274 670 1327 Petri
723 1276 880 1327 fidem
931 1281 1140 1345 petram
1191 1295 1303 1329 esse
1354 1276 1411 1327 in
1463 1275 1816 1327 fundamento
1857 1275 2126 1327 Ecclesiae
2176 1295 2206 1329 a

156 1349 371 1402 Christo
431 1349 664 1418 positam
715 1351 969 1414 tradunt,
1031 1351 1180 1403 Petri
1233 1368 1518 1419 personam
1568 1368 1682 1401 non
1734 1350 2054 1413 excludunt,
2115 1350 2207 1402 sed

154 1424 329 1476 solum
368 1443 471 1492 qua
509 1424 723 1476 ratione
752 1424 944 1477 Petrus
980 1430 1135 1494 petra
1173 1428 1226 1477 et
1264 1425 1676 1476 fundamentum
1705 1423 1972 1476 Ecclesiae
2000 1424 2206 1477 intelli-

153 1498 359 1569 gendus
399 1498 489 1560 sit,
531 1499 771 1568 apertius
813 1500 1036 1561 docent3
1079 1500 1205 1551 hinc
1244 1499 1425 1567 plures
1468 1516 1654 1550 eorum
1694 1501 1822 1550 sunt
1862 1498 1955 1566 qui
1995 1502 2203 1551 utram-

155 1591 256 1641 que
297 1572 693 1640 expositionem
733 1574 981 1635 tradunt,
1031 1574 1117 1626 -uti
1157 1574 1336 1625 videre
1376 1576 1458 1625 est
1498 1573 1641 1640 apud
1683 1571 1734 1624 S.
1777 1571 2200 1642 Augustinum.»

302 1645 511 1699 Omisso
554 1648 697 1715 quod
739 1651 929 1700 auctor
969 1648 1026 1700 in
1065 1648 1148 1700 his
1179 1647 1648 1700 observationibus
1678 1651 1951 1715 supponat
1978 1646 2032 1698 id
2060 1648 2204 1716 quod

153 1721 209 1773 in
250 1721 620 1789 quaestionem
659 1721 834 1784 venit,
877 1741 1067 1790 nempe
1108 1722 1385 1775 Christum
1426 1721 1720 1773 Ecclesiam
1761 1740 1910 1773 suam
1951 1721 2205 1774 fundasse

152 1795 211 1847 in
263 1795 368 1846 fide
406 1794 554 1847 Petri
606 1796 909 1864 personali;
964 1796 1260 1865 exindeque
1313 1796 1464 1864 sequi
1517 1814 1882 1848 successorum
1922 1794 2071 1849 Petri
2118 1797 2205 1848 in-

153 1869 566 1933 fallibilitatem,
621 1888 787 1921 unum
838 1874 1054 1923 tantum
1107 1872 1326 1924 notabo.
1406 1870 1558 1922 Inter
1610 1870 1726 1922 loca
1766 1869 1990 1922 Patrum
2050 1890 2202 1939 quae,

151 1962 246 2013 per
301 1962 392 1996 sex
433 1947 704 2012 septemve
744 1945 1000 2014 paginae,
1061 1946 1221 2008 citat,
1265 1945 1422 2014 plura
1463 1949 1592 1997 sunt
1633 1963 1767 2013 quae
1808 1945 1892 1995 vel
1934 1944 1998 1996 de
2040 1943 2202 1998 Petro
2274 1970 2278 1975 ·

147 2018 440 2087 profitente
480 2019 664 2082 fidem,
718 2019 771 2071 id
814 2023 921 2082 est,
976 2020 1038 2071 de
1079 2019 1228 2072 Petri
1282 2020 1385 2071 fide
1425 2019 1748 2088 subjectiva,
1799 2019 1883 2071 vel
1923 2019 1984 2070 de
2027 2019 2129 2071 fide
2169 2039 2199 2072 a

146 2092 310 2148 Petra
349 2093 622 2161 professa,
676 2093 730 2145 id
771 2098 879 2156 est,
921 2095 983 2146 de
1024 2094 1127 2146 fide
1169 2094 1316 2146 Petri
1357 2093 1619 2162 objective
1659 2096 1904 2162 sumpta,
1958 2092 2199 2164 intelligi

144 2171 381 2236 possent.
461 2167 536 2220 Ut
592 2172 772 2220 autem
822 2169 1026 2222 valeret
1065 2172 1446 2239 argumentum
1498 2171 1686 2220 auctor
1741 2168 1970 2236 probare
2012 2167 2199 2221 debuit

144 2242 208 2293 de
247 2242 569 2310 subjectiva,
631 2261 743 2294 non
784 2246 994 2306 autem,
1037 2243 1099 2294 de
1139 2243 1407 2312 objectiva
1448 2242 1550 2294 fide
1589 2241 1756 2305 Petri,
1798 2241 1985 2294 Patres
2026 2243 2092 2294 ab
2133 2260 2194 2295 eo

145 2316 341 2369 citatos
379 2317 593 2369 locutos
634 2316 826 2378 fuisse3
868 2317 921 2368 id
963 2317 1106 2386 quod
1148 2317 1428 2370 ostendere
1467 2317 1721 2386 neglexit.

290 2390 428 2442 Mihi
465 2390 529 2442 de
567 2392 666 2443 hac
693 2390 1208 2459 interpretationum
1236 2391 1500 2444 varietate
1530 2390 1798 2460 cogitanti
1826 2409 2009 2444 omnes
2036 2411 2194 2461 posse

143 2466 201 2517 in
242 2484 404 2517 unam
445 2467 740 2519 coalescere
779 2465 953 2518 visum
993 2470 1090 2529 cst,
1133 2466 1177 2518 si
1220 2466 1360 2518 ratio
1402 2466 1664 2517 habeatur
1693 2465 2021 2519 discriminis
2049 2467 2195 2520 inter

144 2539 556 2592 fundamentum
609 2540 693 2593 0111
748 2539 1090 2592 inaedificata
1149 2541 1223 2593 sit
1274 2541 1462 2592 domus
1504 2558 1896 2608 quaecumque,
1951 2545 2006 2594 et
2061 2541 2195 2594 illud

144 2614 285 2682 quod
339 2613 397 2665 in
456 2617 568 2683 ejus
620 2614 994 2667 aedificatione
1058 2615 1189 2683 poni
1248 2615 1399 2668 solet.
1492 2613 1897 2667 Aedificaturus
1957 2616 2190 2679 domum,

144 2688 429 2757 praecipue
481 2689 527 2741 si
577 2690 640 2741 de
691 2707 885 2758 magna
938 2693 992 2742 et
1047 2690 1102 2741 in
1158 2690 1383 2759 longum
1423 2693 1637 2757 tempus
1677 2689 1939 2742 duratura
1978 2694 2190 2760 agatur,

141 2762 294 2831 prius
354 2763 561 2816 defodit
618 2767 848 2825 terram,
912 2764 1210 2832 usquedum
1267 2764 1334 2815 ad
1392 2782 1578 2816 saxum
1628 2763 1839 2826 vivum,
1902 2767 1960 2816 ut
2014 2765 2190 2828 aiunt,

142 2837 478 2906 pervenerit;
534 2838 590 2889 in
641 2856 746 2907 quo
800 2837 988 2889 deinde
1040 2838 1418 2900 fundamenta,
1470 2838 1525 2889 id
1578 2840 1658 2889 est
1710 2837 1940 2905 primam
1980 2843 2192 2908 partem

142 2914 464 2975 structurae,
505 2912 679 2981 ponit.
758 2911 1008 2963 Admisso
1049 2911 1151 2964 hoc
1191 2912 1397 2980 duplici
1436 2930 1595 2964 sensu
1623 2911 1977 2975 fundamenti,
2021 2917 2191 2968 cessat

143 2985 316 3037 omnis
367 2985 472 3038 ista
524 2986 1042 3055 interpretationum
1082 2986 1343 3047 varietas3
1399 2987 1659 3054 pluraque
1698 2985 1816 3036 loca
1857 2985 2188 3056 Scripturae,

142 3077 275 3128 quae
311 3059 484 3128 primo
527 3065 748 3129 aspectu
788 3079 963 3112 secum
1003 3060 1095 3111 vix
1136 3060 1417 3112 conciliari
1456 3078 1613 3127 posse
1653 3059 1962 3124 videantur,
2016 3062 2188 3114 lucem

140 3151 392 3203 magnam
430 3135 718 3203 accipiunt.
797 3134 1231 3186 Fundamentum
1259 3134 1540 3194 Ecclesiae,
1582 3137 1645 3186 ut
1681 3133 1760 3185 ita
1799 3134 1986 3196 dicam,
2026 3139 2188 3189 natu-

142 3207 251 3259 rale
290 3211 344 3260 et
381 3209 714 3276 primarium,
757 3213 840 3262 est
867 3208 1132 3270 Christus,
1174 3208 1286 3259 sive
1326 3208 1456 3276 Ejus
1498 3207 1751 3271 Persona,
1794 3227 1882 3260 seu
1926 3209 2082 3263 Fides
2122 3211 2187 3264 de

142 3279 340 3333 Divina
380 3282 510 3350 Ejus
540 3281 764 3346 Natura,
805 3283 1143 3351 respiciatur.
1212 3281 1642 3334 Fundamentum
1680 3282 2183 3350 architectonicum,

141 3373 234 3407 seu
271 3374 302 3407 a
329 3355 546 3408 Christo
574 3356 829 3423 positum,
871 3361 999 3409 sunt
1039 3355 1316 3407 duodecim
1341 3354 1592 3422 apostoli,
1635 3355 1781 3408 inter
1809 3376 1942 3426 quos
1971 3359 2184 3412 ratione

142 3428 408 3496 primatus
460 3429 659 3482 eminet
709 3429 932 3493 Petrus3
993 3434 1045 3482 et
1105 3430 1182 3482 sic
1234 3429 1594 3481 conciliantur
1644 3430 1761 3482 loca
1814 3430 2036 3485 Patrum
2091 3435 2184 3502 qui

140 3502 510 3556 intellexerint
548 3521 694 3564 eum,
734 3504 834 3556 hac
874 3504 1180 3566 occasione,
1235 3503 1375 3555 sicut
1416 3503 1646 3574 contigit
1686 3505 1744 3557 in
1783 3524 1843 3558 ea
1883 3525 2017 3575 quae
2058 3512 2184 3576 post

142 3594 439 3630 sermonem
458 3597 488 3631 a
511 3576 762 3632 Christo
747 3597 806 3630 111
826 3576 1115 3648 Synagoga
1137 3576 1548 3646 Caphernaitica
1567 3578 1819 3644 refertur,
1842 3579 1876 3633 J
1879 3600 2070 3634 oannls
2084 3581 2178 3645 VI,

144 3651 416 3705 communi
472 3651 898 3723 interrogationi
950 3652 1185 3706 omnium
1241 3651 1486 3716 nomine,
1539 3654 1910 3724 respondisse;
1971 3659 2025 3708 et
2078 3673 2177 3726 pro
