2722 4146
461 272 528 326 42

460 422 571 472 est:
610 417 732 472 Tibi
769 418 944 483 trado,
986 415 1128 487 quod
1167 414 1418 468 omnibus
1457 416 1722 470 traditum
1761 418 1871 480 est;
1925 434 2046 469 cum
2084 414 2249 470 Petro
2296 415 2502 470 dictum

457 493 580 558 fuit,
621 493 688 545 ad
727 511 910 546 01111108
951 491 1154 544 dictum
1185 489 1320 543 fuit:
1362 489 1534 544 Amas
1558 492 1682 545 me?
1715 508 1878 558 pasce
1903 508 2018 545 oves
2044 507 2216 545 meas:
2255 491 2500 560 quaedam

460 586 586 631 esse,
641 585 760 636 quae
813 567 878 619 ad
928 564 1257 634 Apostolum
1306 563 1528 618 Petrum
1593 566 1815 636 proprie
1876 565 2149 635 pertinere
2198 564 2499 629 videantur,

456 660 555 694 nec
592 645 772 694 tamen
810 641 1006 693 habere
1046 639 1315 692 illustrem
1354 638 1711 704 intellectum,
1764 639 1871 693 nisi
1911 658 2032 693 cum
2082 639 2395 692 referuntur
2434 640 2500 692 ad

458 716 763 779 Ecclesiam,
808 716 958 784 cujus
998 714 1091 765 ille
1131 713 1188 766 in
1227 714 1405 783 figura
1429 714 1598 784 gessit
1623 733 1910 783 personam
1930 717 2154 783 propter
2181 713 2499 777 Primatum,

458 808 615 859 quem
672 789 729 841 in
788 788 1067 857 discipulis
1125 787 1348 841 habuit»
1393 818 1462 825 —
1503 789 1801 858 apparebit,
1861 788 2131 859 quomodo
2173 787 2348 842 sancti
2405 787 2501 842 isti

456 864 644 916 Patres
683 867 739 916 et
775 862 1071 916 theoretice
1111 866 1164 916 et
1183 862 1420 932 practice
1459 881 1666 932 semper
1692 863 1914 916 eandem
1951 862 2277 916 sententiam
2303 861 2502 932 praedi-

457 937 722 1001 caverint,
777 938 834 989 in
884 937 1127 989 unanimi
1177 937 1420 990 omnium
1472 938 1816 991 ecclesiarum
1875 955 2139 991 consensu
2189 955 2499 1007 supremum

448 1011 713 1082 judicium
753 1012 1078 1065 collocatum
1117 1030 1247 1065 esse.

603 1084 689 1138 Ad
739 1086 874 1138 illud
912 1105 1039 1139 vero
1081 1085 1132 1140 S.
1174 1085 1474 1157 Augustini
1513 1106 1667 1140 serm.
1716 1090 1834 1139 131.
1890 1087 1953 1139 de
2002 1085 2177 1139 verbis
2216 1085 2500 1157 Evangelii

454 1159 611 1212 Joan.
654 1166 783 1215 tom.
826 1159 891 1213 V.
937 1159 1026 1228 (al.
1080 1160 1151 1216 II.
1207 1161 1271 1213 (10
1321 1162 1499 1214 verbis
1538 1161 1733 1231 Apost.
1774 1161 2015 1231 Domin.)
2057 1179 2099 1214 c.
2150 1164 2229 1213 10.
2272 1179 2324 1214 11.
2387 1164 2498 1213 lO.:

458 1233 613 1286 «Jam
670 1235 814 1287 enim
871 1235 934 1287 de
990 1235 1091 1287 hac
1145 1253 1304 1288 causa
1360 1235 1466 1289 (1110
1526 1235 1756 1289 concilia
1812 1235 1974 1288 missa
2031 1238 2161 1288 sunt
2211 1235 2275 1287 ad
2324 1235 2501 1288 sedem

454 1308 841 1378 Apostolicam‚
904 1310 1028 1362 inde
1087 1309 1251 1363 etiam
1306 1311 1572 1380 rescripta
1627 1314 1910 1373 venerunt,
1969 1328 2124 1363 causa
2184 1309 2343 1362 finita
2389 1314 2499 1362 est:

454 1383 663 1435 utinam
701 1384 926 1438 finiatur
965 1385 1256 1454 aliquando
1298 1388 1351 1437 et
1392 1403 1579 1438 error»
1621 1415 1688 1421 —
1715 1384 2088 1453 respodemus:
2130 1382 2412 1454 Agebatur
2438 1383 2502 1436 de

452 1458 740 1511 manifesto
769 1477 968 1523 errore,
1010 1479 1040 1511 a
1067 1459 1273 1512 duobus
1296 1458 1552 1512 Conciliis
1587 1461 1698 1529 jam
1725 1459 1998 1523 damnate,
2040 1458 2312 1512 damnatio
2340 1457 2500 1510 missa

451 1532 678 1585 Romam
717 1552 748 1584 a
788 1533 996 1586 duobus
1037 1533 1394 1587 Pontificibus
1443 1534 1771 1586 Innocentio
1825 1538 1879 1587 et
1918 1533 2131 1586 Zosimo
2158 1533 2501 1586 vconfirmata

454 1607 647 1660 fuerat.
727 1607 875 1678 Ergo
915 1608 1003 1661 hic
1042 1608 1296 1662 habemus
1337 1627 1656 1662 consensum
1697 1608 2093 1677 Episcoporum
2132 1607 2497 1672 orientalium,

453 1681 546 1750 qui
574 1682 745 1750 primo
774 1686 1064 1752 coegerant
1083 1682 1362 1753 Pelagium
1390 1683 1552 1737 fateri
1579 1683 1953 1736 necessitatem
1978 1681 2202 1752 gratiae;
2242 1682 2499 1734 habemus

452 1773 770 1809 consensum
809 1757 982 1811 totius
1021 1756 1295 1811 Africanae
1335 1758 1586 1821 ecclesiae,
1629 1775 1749 1826 quae
1788 1756 2107 1827 Pelagianos
2148 1756 2496 1809 damnaverat

453 1829 510 1881 in
553 1829 835 1894 Conciliis3
894 1832 1150 1884 habemus
1201 1850 1519 1885 consensum
1573 1832 1806 1884 duorum
1845 1831 2175 1884 Pontificum
2224 1831 2499 1884 Romano-

451 1923 677 1974 rumque
731 1905 1113 1970 conciliorum,
1178 1906 1236 1959 in
1301 1907 1495 1976 quibus
1546 1906 1839 1959 Pontifices
1903 1909 2033 1958 tunc
2091 1905 2352 1974 temporis
2413 1923 2499 1958 res

451 1979 668 2047 majoris
722 1980 985 2033 momenti
1036 1981 1407 2035 decernebant.
1501 1981 1735 2050 Ideoque
1803 1998 2097 2033 consensus
2157 1979 2500 2033 ecclesiarum

451 2058 568 2106 erat
606 2054 1116 2119 sufficientissimuS,
1173 2059 1234 2109 ut
1287 2055 1685 2108 interveniente
1734 2055 2062 2108 auctoritate
2114 2054 2373 2107 Romanae
2414 2073 2498 2107 ec-

452 2127 626 2180 01081100
685 2128 765 2181 bis
813 2129 1158 2182 dirimeretur
1208 2133 1262 2183 et
1302 2148 1459 2183 causa
1509 2130 1575 2182 ad
1627 2131 1787 2181 finem
1826 2130 2228 2198 perduceretur,
2271 2147 2497 2197 cumque

450 2201 727 2272 Pelagiani
775 2203 1156 2256 oecumenicam
1207 2205 1472 2273 synodum
1533 2204 1906 2274 postularent,
1962 2205 2084 2273 jure
2141 2207 2339 2274 negata
2397 2210 2495 2256 est.

451 2274 723 2330 Audiatur
775 2276 826 2331 S.
887 2277 1231 2348 Augustinus
1286 2278 1401 2346 (lib.
1454 2279 1496 2334 I.
1550 2279 1616 2331 ad
1671 2277 2015 2331 Bonifacium
2074 2296 2187 2347 cap.
2250 2277 2495 2346 ultimo);

454 2350 603 2403 «Aut
640 2369 785 2415 vero,
841 2352 1038 2422 inquit,
1095 2353 1517 2423 congregatione
1569 2352 1775 2422 Synodi
1823 2372 1955 2422 opus
2011 2356 2145 2417 erat,
2199 2355 2262 2405 ut
2308 2354 2495 2421 aperta

450 2424 714 2492 pernicies
753 2426 1129 2479 damnaretur:
1170 2428 1324 2498 quasi
1363 2428 1514 2479 nulla
1552 2427 1771 2480 haeresis
1811 2426 2103 2496 aliquando
2143 2422 2272 2479 nisi‘
2301 2425 2495 2494 synodi

451 2499 875 2567 congregatione
924 2500 1177 2552 damnata
1229 2501 1331 2553 sit:
1388 2519 1507 2552 cum
1558 2502 1741 2569 potius
1798 2501 2089 2554 rarissimae
2128 2500 2496 2563 inveniantur,

451 2574 676 2639 propter
715 2590 846 2640 quas
885 2573 1212 2625 damnandas
1252 2574 1544 2627 necessitas
1583 2575 1710 2627 talis
1751 2575 2015 2638 extiterit,
2063 2575 2343 2644 multoque
2384 2574 2495 2626 sint

450 2648 612 2713 atque
651 2645 1147 2714 incomparabiliter
1187 2647 1387 2715 plures,
1429 2666 1548 2716 quae
1575 2648 1666 2699 ubi
1694 2648 2011 2711 extiterunt,
2054 2649 2167 2700 illic
2193 2647 2490 2716 improbari

450 2717 799 2788 damnarique
838 2724 1169 2784 meruerunt,
1209 2724 1370 2790 atque
1410 2721 1535 2773 inde
1574 2739 1667 2790 per
1711 2725 1928 2774 caeteras
1974 2725 2148 2775 terras
2187 2721 2494 2775 devitandae

452 2792 789 2846 innotescere
827 2798 1177 2863 potuerunt.»

598 2866 864 2921 Caeterum
903 2868 1095 2922 ultima
1133 2868 1319 2922 habita
1357 2868 1420 2921 de
1459 2868 1765 2940 Pelagianis
1793 2869 2038 2940 cognitio
2066 2869 2174 2923 fuit
2200 2869 2258 2921 in
2285 2869 2493 2938 synodo

449 2941 772 2994 oecumenica
811 2942 1099 3011 Ephesina,
1152 2943 1332 3012 ibique
1370 2961 1554 2996 eorum
1610 2962 1767 2997 causa
1816 2944 2010 2996 ultimo
2059 2947 2113 2997 et
2165 2943 2493 3012 peremtorio

448 3015 654 3084 judicio
689 3017 932 3086 judicata
970 3017 1091 3071 fuit.
1169 3017 1231 3070 Id
1273 3021 1488 3071 constat
1527 3036 1590 3070 ex
1629 3018 1895 3071 relatione
1922 3018 2118 3086 synodi
2156 3018 2223 3070 ad
2251 3017 2492 3071 00010811-

451 3108 581 3142 1111111
619 3090 661 3142 Ι.
702 3089 1023 3145 Pontificem
1072 3091 1260 3145 Rom.:
1315 3091 1520 3145 «Porro
1575 3096 1753 3146 autem
1791 3092 2040 3161 perlectis
2080 3092 2139 3143 in
2179 3090 2230 3145 S.
2273 3091 2494 3161 Synodo

454 3165 849 3218 commentariis
887 3169 1133 3219 actorum
1171 3166 1229 3219 111
1269 3166 1606 3235 depositione
1657 3166 1947 3236 impiorum
1985 3165 2401 3237 Pelagianorum
2439 3170 2493 3220 et

453 3235 866 3291 Coelestinorum
906 3281 916 3292 .
961 3281 972 3292 .
1016 3281 1027 3293 .
1070 3258 1188 3311 quae
1240 3259 1271 3293 a
1322 3239 1532 3294 Pietate
1584 3245 1680 3294 tua
1728 3241 1794 3293 (10
1844 3239 1977 3309 ipsis
2016 3240 2229 3294 decreta
2270 3245 2324 3294 et
2363 3259 2492 3294 con-

451 3309 648 3363 stituta
703 3317 847 3375 sunt,
896 3314 1252 3379 judicavimus
1308 3319 1359 3368 ct
1405 3332 1500 3368 nos
1555 3333 1617 3368 ea
1671 3314 1844 3370 solida
1893 3315 2152 3382 firmaque
2179 3332 2494 3382 permanere

451 3384 684 3436 debere.»
791 3385 946 3439 Unde
1012 3386 1063 3441 S.
1130 3388 1364 3458 Prosper
1428 3389 1675 3442 haeresim
1735 3388 2085 3459 Pelagianam
2149 3389 2309 3442 simul
2372 3407 2491 3442 cum

450 3457 643 3511 haeresi
681 3456 1005 3513 Nestoriana
1044 3481 1151 3516 uno
1189 3463 1401 3517 tumulo
1442 3464 1709 3533 sepultam
1746 3462 1912 3516 fuisse
1953 3464 2100 3518 canit
2124 3463 2182 3517 in
2207 3463 2490 3532 utriusque

452 3531 765 3602 Epitaphio.

597 3606 746 3678 Ergo
786 3610 897 3660 stat
947 3608 1102 3661 firma
1150 3611 1502 3681 proprositio,
1554 3629 1738 3665 omnes
1786 3609 2074 3665 Africanos
2126 3630 2234 3665 una
2273 3629 2395 3666 cum
2432 3609 2484 3665 S.

453 3678 724 3750 Cypriane
764 3683 821 3736 et
857 3680 908 3735 S.
938 3680 1248 3753 Augustino
1273 3686 1572 3753 credidisse,
1611 3683 1832 3741 nonnisi
1871 3685 1930 3741 in
1969 3686 2215 3741 unanimi
2248 3686 2488 3740 omnium
