2722 4146
466 302 537 359 66

466 452 615 506 Petri
654 450 910 523 Apostoli
948 446 1202 505 meritum
1241 444 1326 504 vel
1363 444 1722 522 principatuS,
1765 444 1956 507 deinde
1994 450 2176 508 secuta
2207 444 2507 524 jussionem

466 527 690 581 Domini
730 527 1083 581 conciliorum
1133 527 1565 579 venerandorum
1614 529 1931 594 auctoritaS,
1981 529 2030 581 ei
2082 528 2410 599 singularem
2447 528 2506 580 in

465 602 703 655 ecclesiis
731 602 958 655 tradidit
977 604 1323 670 potestatem,
1350 619 1449 654 nec
1467 602 1754 656 antedictae
1774 603 1911 656 sedis
1936 603 2210 656 antistites
2236 603 2506 655 minorum

467 677 794 746 subjacuisse
826 676 1085 746 J'udiciO.»
1165 675 1296 728 Haec
1345 676 1527 729 omnia
1575 677 1634 729 in
1685 676 1926 731 Concilio
1975 678 2303 731 oecumenico
2351 676 2503 731 VIII.

467 752 603 804 lecta
643 754 786 803 sunt.
868 749 1068 817 (Mansi
1108 754 1147 804 t.
1188 749 1335 803 XVI.
1377 770 1431 820 p.
1477 751 1621 822 126.)

614 823 851 893 Sequens
911 828 1042 877 aetas
1100 830 1156 878 et
1211 825 1407 894 synodi
1445 825 1570 879 VH.
1611 825 1762 881 VIII.
1823 830 1878 880 et
1927 825 2220 880 Pontifices
2272 824 2506 878 Romani

464 903 583 952 acta
622 903 786 951 sextae
826 899 1020 967 synodi
1059 903 1116 952 et
1151 899 1387 952 Honorii
1427 900 1829 954 damnationem
1868 904 2235 970 susceperunt.
2303 899 2506 962 Quibus

465 973 656 1042 positis
696 973 810 1026 haec
850 974 1170 1026 statuimus:
1219 975 1275 1026 1⁰
1315 973 1366 1027 A
1404 979 1554 1028 sexta
1594 976 1801 1044 synodo
1842 975 2093 1028 damnata
2131 975 2239 1028 fuit
2259 974 2504 1043 epistola,

464 1066 623 1116 quam
662 1046 943 1100 Honorius
984 1049 1048 1100 de
1087 1049 1190 1100 fide
1231 1050 1527 1115 001181111118,
1569 1055 1630 1103 ut
1668 1049 2214 1103 universae-Ecclesiae
2254 1053 2416 1118 caput
2440 1049 2505 1100 ad

464 1121 809 1175 patriarchas
869 1121 1174 1176 Orientales
1232 1123 1539 1193 scripserat.
1638 1126 1701 1178 2⁰
1742 1123 2042 1177 Concilium
2098 1142 2208 1176 non
2266 1123 2507 1192 potuisse

466 1215 578 1248 11011
620 1196 873 1249 damnare
913 1197 1202 1266 epistolam
1239 1197 1405 1251 illam.
1485 1199 1660 1262 Quum
1700 1199 1843 1252 enim
1894 1198 2135 1251 damnati
2181 1201 2357 1250 essent
2395 1216 2505 1249 non

464 1271 623 1324 modo
665 1271 759 1340 qui
799 1271 1048 1325 dicebant
1086 1291 1250 1324 unam
1282 1291 1394 1325 esse
1434 1273 1491 1324 in
1520 1273 1735 1327 Christo
1775 1274 2130 1335 voluntatem,
2172 1273 2261 1324 sed
2313 1275 2368 1324 et
2405 1271 2505 1332 illi,

464 1345 558 1414 qui
598 1345 878 1399 dicebant:
932 1365 1031 1399 nec
1069 1365 1248 1411 unam,
1300 1365 1399 1400 nec
1449 1348 1578 1400 duas
1625 1348 1954 1413 asserendas,
2003 1365 2332 1416 consequens
2372 1349 2505 1410 erat,

466 1424 526 1472 ut
565 1420 797 1488 epistola
835 1420 1088 1485 Honorii,
1130 1440 1248 1490 quae
1286 1422 1427 1474 hanc
1467 1423 1754 1475 secundam
1792 1422 2114 1475 sententiam
2166 1421 2505 1490 sequebatur,

462 1494 522 1546 in
573 1495 801 1546 similem
855 1495 1256 1549 damnationem
1306 1497 1628 1550 incurreret.
1723 1498 1783 1550 3⁰
1825 1496 2094 1560 Quantum
2154 1496 2258 1548 hoc
2304 1495 2505 1547 factum

466 1569 711 1622 videatur
753 1570 1081 1623 concordare
1121 1589 1239 1622 cum
1281 1570 1375 1624 illa
1414 1572 1704 1636 sententia,
1757 1590 1875 1641 quae
1914 1572 2069 1624 docet
2118 1570 2272 1623 Rom.
2315 1569 2507 1621 Ponti-

465 1643 581 1696 ficis
637 1644 973 1713 personalem
1031 1649 1086 1698 et
1124 1664 1155 1696 a
1193 1649 1312 1698 tota
1369 1646 1609 1698 Ecclesia
1664 1646 2113 1715 independentem
2165 1643 2504 1696 infallibilem

463 1718 861 1783 auctoritatem,
902 1719 1027 1771 inde
1065 1723 1235 1788 patet,
1287 1721 1432 1789 quod
1470 1720 1551 1772 illi
1592 1720 1685 1790 qui
1731 1721 1871 1773 hanc
1909 1720 2247 1789 personalem
2300 1717 2505 1769 infalli-

465 1792 735 1846 bilitatem
772 1792 1055 1847 Pontificis
1115 1794 1427 1859 defendunt,
1486 1795 1627 1847 nihil
1685 1795 1999 1863 relinquant
2036 1794 2383 1855 intentatum,
2444 1795 2506 1843 ut

464 1867 604 1920 hanc
642 1867 1018 1921 difficultatem
1060 1868 1105 1920 si
1143 1887 1255 1922 11011
1295 1870 1518 1933 solvere,
1561 1870 1751 1922 saltem
1791 1870 2026 1939 effugere
2051 1868 2281 1937 possint.
2352 1865 2506 1918 Unde

462 1941 591 1995 licet
630 1942 912 2012 conjicere,
954 1943 999 1995 si
1037 1942 1132 1996 isti
1173 1961 1292 1996 cum
1330 1943 1442 1997 illis
1482 1943 1736 1996 Patribus
1762 1947 1927 1996 sextae
1951 1943 2288 1995 oecumenicae
2313 1940 2504 2009 synodi

465 2016 744 2081 sedissent,
785 2035 899 2069 non
937 2017 1103 2070 fuisse
1123 2034 1212 2071 eos
1253 2019 1512 2089 suffragia
1536 2019 1763 2082 laturOS,
1803 2021 1867 2070 ut
1891 2018 2005 2070 haec
2031 2016 2303 2069 damnatio
2331 2016 2501 2067 fieret.

466 2090 640 2160 Atqui
678 2091 763 2143 illi
801 2091 991 2144 Patres
1031 2095 1195 2144 sextae
1235 2094 1431 2161 synodi
1470 2097 1523 2146 et
1562 2093 1923 2162 permiserunt
1974 2092 2092 2144 fieri
2143 2094 2197 2143 et
2242 2091 2503 2151 fecerunt,

466 2184 563 2218 nec
601 2165 794 2237 Legati
813 2166 1045 2219 Romani
1066 2166 1359 2220 Pontifices
1398 2167 1844 2231 reclamaverunt,
1886 2170 1940 2219 et
1959 2166 2248 2219 Pontifices
2276 2164 2506 2216 Romani

466 2243 836 2310 susceperunt,
886 2241 1373 2294 confirmaverunt:
1417 2246 1470 2294 et
1510 2243 1753 2311 septima,
1794 2245 1984 2294 octava
2022 2240 2261 2309 synodus
2300 2238 2504 2307 pariter

465 2315 708 2384 amplexa
746 2319 843 2368 est.
921 2315 1069 2385 Ergo
1110 2315 1155 2368 si
1195 2335 1259 2368 ex
1299 2316 1525 2369 diversis
1553 2315 1829 2369 effectibus
1866 2315 1995 2368 licet
2020 2332 2244 2385 arguere
2270 2313 2504 2365 diversas

465 2407 667 2455 causaS,
708 2409 739 2442 a
778 2389 974 2459 quibus
1012 2391 1335 2444 naturaliter
1374 2390 1693 2459 procedunt,
1734 2390 2018 2442 dicendum
2057 2392 2154 2453 est,
2201 2388 2340 2440 hanc
2378 2387 2503 2439 doc-

466 2464 670 2515 trinam
709 2464 772 2516 de
811 2463 1092 2516 infallibili
1129 2465 1458 2518 auctoritate
1509 2465 1782 2533 personali
1821 2464 1976 2518 Rom.
2019 2462 2301 2516 Pontificis
2340 2461 2505 2514 fuisse

464 2541 597 2589 tunc
635 2537 897 2606 temporis
936 2537 995 2589 in
1035 2537 1276 2591 Ecclesia
1313 2538 1414 2590 Dei
1470 2538 1837 2608 incognitam3
1895 2539 2034 2590 hanc
2090 2537 2392 2590 doctrinam
2449 2540 2503 2588 et

465 2611 640 2680 quoad
677 2629 874 2663 nomen
914 2615 968 2663 01,
1008 2612 1183 2680 quoad
1222 2629 1335 2663 rem
1374 2629 1486 2664 esse
1523 2631 1744 2675 novam3
1786 2612 2139 2664 sanctissimis
2178 2610 2288 2664 illis
2327 2610 2504 2662 Patri-

465 2687 564 2738 bus
605 2685 871 2738 universae
910 2685 1164 2738 Ecclesiae
1202 2685 1368 2738 fuisse
1406 2704 1738 2755 persuasum,
1779 2686 1935 2738 Rom.
1976 2685 2230 2738 Pontifici
2270 2685 2436 2736 fuisse
2472 2703 2503 2735 a

466 2759 684 2812 Christo
725 2759 981 2812 collatum
1023 2758 1379 2828 Apostolatus
1435 2759 1802 2828 principatum
1859 2759 1917 2811 in
1974 2763 2149 2811 totam
2188 2758 2500 2821 Ecclesiam,

464 2835 556 2887 sed
596 2834 850 2887 ultimum
889 2837 943 2887 et
995 2834 1391 2886 irreformabile
1436 2834 1718 2903 judicium,
1770 2834 2012 2903 regulam
2063 2832 2187 2884 fidei
2240 2831 2503 2884 collocata

464 2908 628 2961 fuisse
666 2927 698 2960 a
738 2908 955 2962 Christo
994 2908 1051 2960 in
1090 2908 1334 2960 unanimi
1375 2925 1641 2961 consensu
1679 2907 1833 2961 Rom.
1876 2906 2159 2959 Pontificis
2213 2924 2332 2958 cum
2382 2905 2501 2957 uni-

466 3001 618 3036 versa
655 2982 913 3048 Ecclesia,
964 2982 1023 3035 in
1061 2982 1260 3035 unione
1300 2983 1493 3052 capitis
1541 3001 1663 3035 cum
1714 2986 1834 3035 toto
1877 2999 2118 3050 corpore.
2198 2979 2499 3032 Secundum

465 3057 847 3125 promissiones
886 3058 1121 3127 ejusdem
1161 3056 1365 3110 Christi
1403 3061 1578 3126 portae
1627 3056 1789 3108 inferi
1838 3074 1949 3108 non
1997 3054 2370 3124 praevalebunt
2407 3053 2500 3106 ad-

469 3148 654 3184 versus
694 3149 826 3198 eam,
869 3131 904 3184 i.
944 3150 988 3186 0.
1030 3132 1353 3196 Ecclesiam,
1396 3131 1634 3200 Spiritus
1673 3134 1892 3184 sanctus
1929 3129 2142 3182 docebit
2170 3148 2264 3182 vos
2290 3146 2501 3182 omnem

464 3205 763 3259 veritatem.

614 3279 751 3332 Ecce
790 3296 890 3350 ego
930 3281 1207 3334 vobiscum
1245 3298 1363 3334 sum
1401 3279 1649 3333 omnibus
1687 3278 1874 3332 diebus
1915 3318 1927 3330 .
1972 3322 1982 3332 .
2026 3317 2038 3331 .
2098 3277 2171 3331 Et
2209 3277 2498 3330 secundum

466 3350 861 3422 Apostolorum
897 3355 1271 3408 testimonium
1309 3354 1549 3408 Ecclesia
1597 3357 1681 3408 est
1718 3353 1964 3407 columna
2003 3355 2057 3405 et
2102 3353 2498 3405 firmamentum

468 3426 742 3489 veritatis3
778 3427 970 3480 Visum
1008 3433 1092 3482 est
1129 3429 1362 3499 Spiritui
1399 3432 1586 3482 sancto
1614 3432 1670 3482 et
1705 3426 1877 3480 nobis,

615 3500 814 3553 Eadem
853 3505 1238 3571 consequentia
1275 3507 1332 3558 et
1368 3503 1574 3573 potiori
1606 3505 1729 3572 jure
1765 3501 2049 3555 deducitur
2088 3518 2151 3553 ex
2191 3500 2286 3552 illo
2324 3497 2496 3551 mani·

466 3575 605 3628 festo
657 3578 713 3628 et
749 3575 974 3628 solemni
1010 3577 1183 3630 facto:
1237 3577 1576 3631 consuevisse
1609 3575 1830 3630 80111001,
1867 3575 2216 3628 oecumenicas
2262 3572 2497 3642 synodos

466 3666 652 3703 causas
689 3668 722 3702 a
758 3649 913 3703 Rom.
954 3648 1218 3704 Pontifice
1257 3651 1569 3706 solemniter
1613 3653 1726 3721 jam
1768 3649 2034 3720 judicatas
2083 3666 2224 3702 novo
2264 3663 2496 3715 veroque

465 3723 716 3792 examini,
771 3742 916 3779 novo
955 3741 1190 3795 veroque
1221 3726 1426 3796 judicio
1465 3725 1755 3797 subjicere3
1796 3723 1940 3793 quod
1989 3723 2211 3789 factum,
2250 3722 2338 3775 vix
2390 3718 2495 3772 dici
