2722 4146
2202 371 2271 428 29

234 520 364 578 fides
405 518 672 589 Ecclesiae,
714 527 769 576 et
806 518 884 576 ita
925 517 1174 576 Christus
1215 519 1353 576 dixit
1390 519 1580 576 Petro:
1634 516 1808 590 Super
1859 517 1994 575 hcm-c
2039 526 2269 588 petram,

233 600 266 652 i.
310 617 352 651 e.
396 618 556 669 super
593 601 732 652 hanc
772 601 981 667 petram
1022 598 1376 651 confessionis
1418 588 1542 662 tuae',
1585 597 1713 667 quia
1750 599 1811 649 tu
1839 595 2054 649 dixisti:
2101 596 2183 648 Tu
2223 614 2276 649 es

230 673 417 727 Filius
456 673 564 726 Dei
602 674 735 726 vivi:
779 677 837 724 tu
875 690 928 724 es
973 671 1235 733 Cleristch,
1278 677 1332 725 et
1370 672 1475 725 ista
1514 672 1644 724 fides
1685 675 1739 723 et
1778 689 1984 740 semper
2035 670 2275 723 manebit

231 748 290 800 in
328 748 584 810 Ecclesia,
637 751 690 800 et
742 765 901 814 super
949 765 1063 799 eam
1103 746 1362 798 fundatur
1402 746 1693 798 Ecclesia.»
1773 745 1969 798 Postea
2017 744 2272 806 ostendit,

232 822 525 891 primatum
563 821 714 874 Petri
769 820 846 871 ibi
905 821 1159 885 inveniri,
1215 839 1338 872 nam
1394 820 1742 889 prosequitur
1795 820 1933 871 idem
1987 819 2272 871 Testatus:

235 896 464 948 «Petrus
506 899 730 948 vocatur
768 894 964 947 Petrus
1005 900 1228 964 propter
1268 895 1403 946 duo:
1446 895 1680 963 primum
1719 898 1779 947 ut
1806 893 2123 946 ostendatur
2158 892 2274 944 laus

233 970 393 1034 Petri,
451 970 658 1022 scilicet
717 969 860 1038 quod
922 970 1028 1022 ista
1086 969 1217 1021 fides
1277 970 1342 1021 ab
1393 987 1453 1021 eo
1510 969 1671 1037 coepit
1726 968 1938 1036 publice
1980 966 2272 1019 enunciari.

234 1044 496 1108 Secundo,
538 1048 600 1097 ut
640 1043 961 1096 ostendatur
1002 1062 1063 1095 ex
1104 1043 1223 1107 hoc,
1266 1043 1409 1112 quod
1450 1042 1699 1095 Christus
1727 1042 1887 1094 dabat
1911 1042 2076 1093 Petro
2105 1041 2274 1110 quod-

232 1119 347 1170 dam
390 1138 587 1170 nomen
630 1118 810 1181 officii,
854 1118 1198 1186 principatus
1250 1118 1602 1186 praelationis.
1688 1116 1817 1169 Fuit
1866 1116 2007 1167 enim
2057 1116 2274 1166 univer-

232 1194 358 1245 salis
400 1193 719 1262 Episcopus,
782 1196 836 1244 et
879 1192 1259 1244 convenienter
1318 1192 1420 1244 hoc
1480 1192 1820 1261 designatum
1879 1194 1976 1254 est,
2037 1189 2274 1241 vocando

230 1286 350 1318 eum
413 1267 648 1320 Petrum.
729 1267 844 1330 Ille,
907 1267 1000 1335 qui
1059 1271 1255 1335 praeest
1315 1266 1562 1318 omnibus
1618 1264 1963 1318 manentibus
2021 1264 2118 1315 sub
2176 1263 2274 1314 hac

232 1348 386 1410 petra
426 1342 550 1393 fidei
592 1341 812 1404 Christi,
844 1342 1227 1393 convenienter
1257 1341 1456 1393 dicitur
1484 1340 1695 1403 Petrus,
1737 1339 1826 1390 sed
1855 1338 2041 1391 Simon
2070 1337 2275 1405 primus

232 1414 530 1484 Apostolus
572 1415 903 1468 constitutus
945 1421 1026 1468 est
1066 1415 1386 1467 universalis
1427 1415 1746 1483 Episcopus,
1787 1417 1848 1465 ut
1873 1413 2135 1464 maximus
2163 1429 2276 1463 om-

234 1491 385 1541 nium
442 1490 852 1558 Episcoporum,
914 1490 1032 1542 ideo
1092 1490 1204 1558 ipse
1264 1489 1646 1541 convenienter
1698 1487 1872 1540 dictus
1931 1491 2014 1539 est
2068 1485 2272 1537 Petrus.

234 1564 323 1615 Sic
364 1564 495 1616 dicit
536 1564 984 1632 Chrysostomus:
1042 1564 1117 1616 Et
1155 1581 1246 1630 eyo
1289 1565 1404 1615 dico
1445 1563 1542 1615 tibi
1585 1607 1594 1616 .
1639 1607 1648 1616 .
1695 1607 1703 1616 .
1758 1562 1791 1612 i.
1835 1579 1876 1613 e.
1931 1579 2088 1628 super
2139 1560 2275 1610 hanc

232 1639 386 1689 fidem
429 1639 783 1690 confessionis
825 1639 1098 1690 {edificabo
1140 1638 1435 1689 Ecclesiam
1475 1655 1660 1688 meam.
1750 1636 1857 1687 Hic
1910 1639 2089 1701 aperte
2118 1651 2277 1699 prue-

233 1714 376 1764 d‘e'oe‘e't
414 1730 659 1780 mafflzctm
702 1731 898 1773 eorum,
942 1716 1034 1780 qui
1076 1714 1331 1764 credituri
1385 1717 1535 1764 erum
1587 1717 1636 1763 ct
1688 1715 1827 1773 smn‘,
1883 1709 2273 1762 multitudinem

163 1811 167 1815 ·
226 1788 353 1852 sore,
386 1793 433 1839 et
459 1788 771 1840 sublimiora
799 1806 915 1840 cum
943 1804 1128 1853 Sapere
1143 1788 1278 1853 facit
1300 1791 1346 1838 et
1368 1787 1639 1839 Ecclesiae
1652 1790 1922 1851 pastorem
1951 1784 2272 1835 constituit.»

378 1861 668 1931 Hucusque
727 1862 985 1914 Tostatus
1044 1880 1106 1913 ex
1166 1861 1350 1913 schola
1401 1860 1697 1929 Hispanica
1756 1858 1939 1911 saeculi
1977 1856 2094 1910 XV.
2175 1856 2273 1908 Sed

232 1936 413 1987 nullus
454 1936 645 1988 melius
684 1955 796 1987 rem
838 1936 1074 2004 explicat
1113 1955 1272 2004 quam
1315 1936 1701 1988 Tleomassv'oms
1743 1932 1815 2002 (p.
1858 1933 1899 1984 I.
1943 1934 1976 1984 l.
2031 1938 2069 1985 1.
2114 1949 2155 1982 0.
2190 1935 2271 1983 50.

231 2010 275 2075 ἓ.
323 2015 368 2064 3.
410 2010 621 2079 discipl.
665 2010 894 2079 Eccl.).'
943 2011 1148 2062 Allatis
1207 2011 1382 2062 verbis
1443 2009 1634 2078 Optati
1685 2007 2016 2060 Milevitani:
2087 2005 2274 2056 «Bono

231 2085 458 2137 unitatis
499 2086 547 2137 b.
591 2085 783 2137 Petrus
824 2085 1070 2153 praeferri
1123 2085 1373 2136 omnibus
1425 2083 1707 2152 Apostolis
1759 2082 1956 2133 meruit
2007 2084 2060 2132 et
2102 2079 2274 2131 claves

232 2159 385 2229 regni
425 2160 679 2211 coelorum
723 2159 1192 2211 communicandas
1236 2159 1422 2210 ceteris
1464 2158 1593 2210 solis
1634 2157 1872 2225 accepit»
1922 2186 1985 2191 -—-
2027 2173 2123 2206 nec
2165 2172 2273 2205 non

232 2233 427 2286 Leonis
468 2233 539 2284 M.
606 2233 709 2301 (ep,
766 2235 905 2302 89.):
954 2233 1062 2286 «Ut
1111 2235 1176 2284 ab
1218 2233 1334 2301 ipso
1377 2233 1538 2284 Petro
1597 2232 1748 2300 quasi
1810 2230 2040 2299 quodam
2101 2229 2274 2296 capite

233 2308 374 2359 dona
414 2327 509 2359 sua
551 2308 814 2358 Dominus
868 2308 1018 2359 velut
1069 2307 1125 2358 in
1168 2325 1363 2374 corpus
1404 2306 1782 2368 diffunderet,>·>
1840 2306 1951 2357 haec
1992 2302 2274 2371 subjungit

232 2382 644 2433 Thomassinus:
680 2380 838 2432 «Non
867 2381 1059 2432 horum
1089 2381 1181 2432 ille
1209 2399 1396 2432 sensus
1418 2384 1499 2432 est
1526 2381 1826 2442 verborum,
1857 2378 1998 2448 quod
2021 2374 2274 2445 Apostoli

233 2455 730 2523 Apostolorumque
755 2473 1087 2507 successores
1118 2454 1420 2523 (Episcopi)
1449 2455 1827 2506 auctoritatem
1851 2471 1999 2505 suam
2028 2455 2080 2503 et
2103 2451 2274 2501 claves

232 2549 261 2580 a
302 2530 464 2581 Petro
507 2530 874 2582 obtinuerint:
918 2548 1036 2582 cum
1078 2529 1474 2581 evidentissime
1515 2532 1568 2580 et
1608 2527 1853 2580 dissertis
1894 2525 2068 2578 verbis
2097 2525 2275 2576 Evan-

233 2604 417 2673 gelicae
457 2604 704 2656 veritatis
756 2607 984 2667 constet,
1047 2602 1323 2655 Christum
1383 2603 1559 2671 ipsum
1617 2602 1682 2654 ad
1735 2600 2032 2669 Apostolos
2093 2616 2275 2650 omnes

233 2679 392 2730 verba
431 2678 732 2742 facientem,
783 2678 839 2729 in
880 2696 1161 2730 commune
1219 2677 1446 2730 donasse
1486 2677 1609 2728 illos
1650 2680 1704 2729 et
1745 2675 1982 2727 clavibus
2023 2673 2276 2725 Ecclesiae

233 2755 286 2804 et
327 2755 596 2820 potestate
637 2771 713 2815 ea,
770 2771 874 2821 qua
914 2753 970 2804 in
1011 2752 1174 2804 terris
1215 2752 1479 2820 quidquid
1519 2751 1625 2819 ipsi
1665 2750 1868 2802 factum
1907 2749 2275 2814 infectumque

233 2845 346 2878 esse
379 2827 686 2896 jussissent,
728 2827 950 2895 perinde
988 2826 1046 2878 111
1088 2826 1233 2878 coelis
1275 2845 1366 2878 seu
1406 2825 1628 2895 ligando
1671 2843 1759 2876 seu
1790 2822 2045 2876 solvendo
2073 2823 2273 2873 factum

234 2900 599 2970 infectumque
640 2906 971 2954 censeretur:
1015 2900 1105 2953 sed
1146 2919 1266 2952 cum
1304 2919 1519 2952 rursum
1561 2898 1806 2951 Christus
1841 2897 2060 2949 Petrum
2100 2894 2275 2947 nomi-

234 2975 405 3027 natim
425 2975 721 3044 alloquenS,
745 2980 798 3029 et
821 2976 878 3028 in
901 2994 962 3027 eo
986 2975 1280 3043 implexum
1301 2974 1673 3041 insertumque
1705 2969 2111 3040 quodammodo,
2135 2974 2196 3020 ut
2218 2968 2273 3018 in

235 3049 433 3101 vertice
461 3068 574 3113 SUO,
615 3053 794 3103 totum
823 3049 1201 3119 Apostolicum
1242 3067 1331 3101 seu
1354 3047 1673 3116 Episcopale
1714 3045 2027 3114 collegium:
2069 3041 2273 3112 ligandi

237 3122 583 3192 solvendique
622 3129 947 3192 potestatem
1006 3123 1064 3174 111
1104 3123 1249 3175 coelis
1309 3125 1362 3175 et
1400 3123 1457 3173 in
1498 3120 1658 3174 terris
1698 3120 1843 3172 dedit
1901 3118 1946 3170 ei
1990 3136 2109 3170 cum
2168 3117 2274 3168 cla-

238 3195 422 3248 vibus:
463 3215 524 3249 eo
563 3198 616 3250 id
657 3199 1023 3269 significatum
1061 3197 1253 3260 voluit,
1294 3198 1357 3248 ab
1400 3196 1646 3248 omnibus
1685 3193 1793 3246 illis
1820 3191 2275 3245 administrandos

238 3286 349 3321 non
389 3288 499 3322 esse
541 3273 778 3326 coelestes
819 3274 913 3326 has
955 3273 1146 3335 claveS,
1203 3271 1308 3323 nisi
1349 3269 1701 3323 consensione
1741 3271 1794 3320 et
1835 3266 2097 3319 charitate
2132 3265 2274 3317 indi-

238 3342 391 3395 vulsa
431 3362 550 3396 cum
589 3347 763 3415 capite
802 3366 917 3411 suo,
969 3346 1023 3398 in
1079 3365 1184 3414 quo
1227 3342 1595 3413 comprehensi
1637 3346 1691 3395 et
1744 3340 2051 3410 complicati
2093 3357 2273 3392 omnes

237 3420 410 3482 erant,
451 3420 662 3487 quando
703 3417 859 3474 illum
879 3421 1061 3474 divina
1098 3420 1198 3472 hac
1237 3437 1297 3471 ac
1337 3417 1598 3486 stupenda
1625 3420 1897 3485 potestate
1925 3413 2268 3468 cumulavit.»

240 3489 459 3544 Scilicet
513 3492 710 3562 duplex
769 3494 1119 3548 discernenda
1175 3497 1255 3546 est
1315 3492 1580 3562 delegatio
1640 3490 1930 3559 potestatis
1987 3509 2017 3541 a
2058 3487 2271 3540 Christo

239 3563 516 3634 discipulis
554 3568 664 3620 suis
721 3569 924 3623 facta:»
987 3570 1221 3630 Quarum
1280 3566 1337 3618 in
1397 3585 1504 3618 una
1544 3565 1792 3618 Christus
1851 3564 2021 3617 solum
2075 3561 2272 3612 affatur

239 3637 461 3692 Petrum
499 3644 562 3693 ut
600 3646 777 3711 caput,
819 3662 924 3713 quo
964 3646 1115 3695 totus
1142 3644 1549 3709 representatur
1577 3638 1953 3708 Episcopatus.
2012 3635 2077 3686 In
2103 3634 2274 3686 altera

238 3731 350 3765 non
389 3713 580 3767 Petrus
619 3716 834 3786 delegat
870 3716 1185 3786 Apostolos,
1226 3716 1315 3767 sed
1343 3714 1591 3767 Christus
1615 3713 1805 3765 iisdem
1831 3729 2052 3781 prorsus
2078 3706 2272 3771 verbis,

240 3787 433 3855 quibus
473 3788 812 3859 delegaverat
851 3791 1101 3844 Petrum:
1157 3788 1242 3840 cui
1283 3793 1461 3841 tamen
1501 3789 1584 3840 vel
1626 3791 1757 3840 tunc
1797 3803 1976 3854 sospes
2029 3786 2081 3835 et
2122 3783 2272 3833 inco-
