2722 4146
483 303 566 376 50'

481 473 676 534 essent,
720 471 774 523 et
814 483 1149 522 communem
1189 463 1431 519 omnium
1470 468 1524 520 et
1563 463 1905 538 singulorum
1943 465 2103 522 fidem
2142 486 2174 521 a
2221 464 2401 523 Leone
2438 486 2530 523 ex·

480 544 717 615 positam
757 562 869 596 esse
907 542 1298 611 intelligerent.

628 618 758 671 Haec
809 617 1023 687 quidem
1077 615 1430 668 Chalcedone·
1459 618 1612 684 gesta
1666 619 1823 680 sunt3
1883 617 1973 670 sed
2031 621 2086 671 et
2134 622 2262 671 ante
2310 616 2530 670 Chalce-

483 694 774 746 donensem
815 690 1083 760 synodum
1125 688 1286 753 Galli,
1340 689 1526 742 habita
1576 690 1635 742 in
1675 689 1898 744 Gallicis
1946 692 2170 760 synodO,
2211 692 2275 744 de
2314 695 2530 761 recepta

483 766 536 821 S.
576 766 772 820 Leonis
811 764 1059 834 epistola,
1102 764 1179 816 sic
1217 763 1283 816 ad
1322 763 1499 840 ipsum
1539 763 1771 818 Leonem
1810 766 2175 835 scripserunt:
2234 765 2432 819 «Multi
2471 765 2529 818 in

480 861 540 894 ea
581 839 796 908 (Leonis
836 839 902 891 ad
941 838 1259 891 Flavianum
1299 838 1553 908 epistola)
1592 840 1885 910 gaudentes
1911 841 2117 910 pariter
2143 843 2198 893 et
2224 840 2530 893 exultantes

482 917 920 985 recognoverunt
970 912 1094 965 fidei
1147 931 1255 965 suae
1308 931 1538 977 sensum,
1593 918 1646 967 et
1698 914 1777 967 ita
1828 933 1883 966 se
1934 933 2141 984 semper
2193 933 2256 967 ex
2303 919 2530 984 paterna

481 989 774 1042 traditione
793 987 1049 1051 tenuisse,
1090 991 1152 1040 ut
1175 990 1351 1040 vester
1378 986 1735 1056 Apostolatus
1764 989 2031 1057 exposuit,
2067 991 2188 1058 jure
2216 989 2525 1042 laetantur.»

627 1062 953 1132 Congruunt
993 1066 1046 1115 et
1084 1062 1231 1124 Itali,
1272 1066 1492 1115 auctore
1532 1062 1764 1115 Eusebio
1805 1063 2196 1116 Mediolanensi
2224 1063 2527 1132 Episcopo:

485 1137 730 1190 ‹Claruit
767 1155 882 1189 eam
925 1135 1145 1203 (Leonis
1185 1137 1251 1188 ad
1290 1137 1610 1189 Flavianum
1636 1138 1944 1206 epistolam)
1987 1138 2146 1206 plena
2171 1138 2293 1190 fidei
2322 1137 2531 1206 simpli-

481 1213 646 1265 citate
686 1211 913 1281 fulgere,
954 1211 1344 1279 prophetarum
1385 1211 1548 1264 etiam
1586 1211 1992 1274 assertionibus,
2042 1211 2364 1282 evangelicis
2405 1229 2530 1263 auc-

481 1286 799 1339 toritatibus
839 1289 893 1338 et
931 1285 1246 1354 apostolicae
1275 1285 1539 1338 doctrinae
1564 1286 1892 1338 testimoniis
1919 1286 2145 1348 radiare,
2176 1286 2531 1354 omnibusque

481 1361 726 1413 sensibus
747 1360 1072 1423 convenire,
1115 1379 1249 1429 quos
1291 1359 1342 1413 S.
1366 1358 1684 1412 Ambrosius
1713 1360 1776 1412 de
1802 1360 2204 1413 Incarnationis
2230 1359 2530 1412 Dominicae

480 1434 758 1504 mysteriO,
800 1434 911 1486 suis
952 1434 1123 1498 libris,
1165 1433 1378 1503 Spiritu
1418 1438 1604 1487 sancto
1645 1434 1909 1488 excitatus
1949 1434 2195 1487 inseruit.
2292 1434 2367 1486 Et
2405 1434 2531 1502 quia

481 1509 659 1562 omnia
697 1511 962 1578 majorum
1000 1509 1124 1560 fidei
1162 1509 1320 1562 nobis
1360 1509 1666 1578 antiquitus
1692 1509 1910 1562 traditae
1937 1508 2284 1571 conveniunt,
2329 1508 2531 1578 placuit

484 1584 750 1647 omnibus,
793 1583 886 1652 qui
923 1583 1086 1652 impie
1125 1583 1188 1635 de
1227 1583 1524 1636 Dominicae
1564 1583 1967 1636 Incarnationis
2021 1586 2358 1635 sacramento
2412 1600 2530 1635 sen-

482 1659 642 1724 tiant,
699 1677 795 1711 suo
850 1658 1012 1711 etiam
1064 1676 1326 1710 consensu
1378 1658 1724 1711 auctoritatis
1776 1663 1969 1711 vestrae
2022 1657 2321 1721 sententia,
2382 1656 2530 1708 dam-

481 1733 703 1786 natione
743 1751 984 1803 congrua
1023 1733 1474 1802 persequendos»

637 1806 693 1859 S.
734 1807 839 1860 Leo
878 1807 1118 1876 Illaynus
1158 1826 1311 1859 serm.
1353 1806 1453 1859 III.
1495 1807 1558 1859 de
1597 1807 1966 1876 assumptione
2005 1806 2070 1858 ad
2110 1805 2528 1858 Pontificatum:

484 1882 609 1934 Tibi
649 1882 782 1934 dabo
823 1882 992 1935 claves
1033 1923 1043 1933 .
1088 1924 1099 1935 .
1145 1925 1155 1934 .
1203 1881 1514 1934 «Transivit
1542 1881 1756 1950 quidem
1795 1882 1958 1934 etiam
1986 1880 2043 1932 in
2075 1880 2210 1932 alios
2231 1879 2529 1948 Apostolos

479 1958 569 2025 jus
609 1956 899 2025 potestatis
940 1956 1098 2009 istius
1139 1959 1194 2010 et
1230 1956 1298 2008 ad
1339 1974 1522 2008 omnes
1563 1955 1814 2008 Ecclesiae
1839 1955 2113 2024 principes
2142 1954 2341 2006 decreti
2368 1953 2529 2022 hujus

485 2031 807 2084 constitutio
849 2030 1196 2093 commeavit;
1239 2030 1330 2083 sed
1368 2049 1482 2082 non
1521 2031 1728 2083 frustra
1768 2030 1862 2082 uni
1902 2029 2324 2091 commendatur,
2386 2027 2528 2096 quod

486 2106 734 2158 omnibus
773 2105 1075 2159 intimetur.
1154 2105 1317 2158 Petro
1370 2105 1513 2157 enim
1562 2104 1681 2157 ideo
1722 2104 1824 2157 hoc
1877 2103 2230 2174 singulariter
2273 2103 2528 2166 creditur,

486 2180 612 2248 quia
651 2180 859 2233 cunctis
899 2179 1151 2232 Ecclesiae
1190 2179 1492 2233 rectoribus
1532 2178 1683 2231 Petri
1722 2178 1897 2231 forma
1935 2178 2316 2247 proponitur.»

634 2254 707 2306 Et
762 2255 902 2307 idem
960 2254 1069 2308 Leo
1109 2253 1180 2306 M.
1222 2273 1302 2324 ep.
1347 2258 1463 2306 84.:
1529 2253 1828 2316 «Quoniam
1889 2256 1943 2306 et
1992 2251 2135 2305 inter
2191 2250 2529 2304 beatissimos

487 2327 787 2397 Apostolos
826 2329 883 2380 in
924 2329 1282 2382 similitudine
1333 2328 1559 2382 honoris
1617 2328 1724 2381 fuit
1775 2327 2020 2396 quaedam
2071 2325 2325 2378 discretio
2376 2329 2531 2394 pote-

487 2402 676 2464 statis;
717 2406 771 2455 et
810 2421 930 2454 cum
951 2403 1190 2455 omnium
1230 2422 1329 2473 par
1355 2407 1495 2456 esset
1521 2403 1730 2466 electio,
1771 2403 1867 2454 uni
1889 2402 2074 2455 datum
2099 2404 2198 2466 est,
2237 2404 2301 2453 ut
2327 2398 2533 2452 caeteris

487 2476 878 2543 praeemineret.
891 2496 916 2522 ³>

636 2548 709 2601 Et
749 2567 830 2617 ep.
875 2554 993 2603 89.:
1040 2549 1149 2602 «Ut
1188 2549 1255 2601 ab
1294 2548 1414 2617 ipso
1455 2548 1635 2612 Petr0,
1688 2549 1842 2618 quasi
1893 2550 2126 2619 quodam
2175 2548 2353 2618 capite
2392 2547 2532 2600 dona

490 2641 585 2676 sua
623 2622 888 2675 Dominus
928 2624 1078 2676 velut
1116 2623 1175 2674 in
1213 2640 1409 2690 corpus
1449 2641 1605 2674 omne
1644 2622 2022 2675 diffunderet.»

639 2695 691 2749 S:
733 2695 842 2750 Leo
881 2696 952 2748 M.
995 2697 1059 2748 de
1117 2714 1277 2749 causa
1335 2696 1646 2764 Eutychitis
1704 2697 1832 2748 licet
1883 2715 1914 2748 a
1953 2715 2007 2748 se
2053 2699 2165 2766 jam
2223 2695 2534 2765 plenissime

483 2770 753 2839 judicata,
811 2771 890 2824 ita
947 2770 1192 2840 loquitur
1248 2770 1306 2821 in
1366 2770 1595 2839 epistola
1651 2770 1717 2822 ad
1783 2770 2077 2838 synodum:
2143 2770 2531 2838 Imperatorem

491 2845 743 2908 voluisse,
784 2849 846 2898 ut
887 2845 1175 2898 haberetur
1218 2843 1575 2913 «Episcopale
1616 2843 1933 2907 Concilium,
1974 2850 2033 2896 ut
2063 2844 2301 2911 pleniore
2320 2843 2532 2911 judicio

490 2921 660 2972 omnis
693 2921 866 2986 possit
904 2937 1052 2972 error
1090 2920 1338 2974 aboleri.»

639 2993 713 3047 Et
750 2997 875 3063 post
917 2993 1214 3047 Concilium
1254 2992 1395 3045 idem
1434 2991 1542 3045 Leo
1582 2990 1653 3045 M.
1695 2991 1770 3045 ita
1799 2991 2016 3061 scripsit
2041 2992 2108 3044 ad
2136 2991 2533 3044 Theodoretum

495 3084 576 3136 ep.
621 3072 736 3122 93.:
783 3067 1128 3121 «Gloriamur
1166 3068 1224 3120 in
1265 3067 1515 3131 Domine,
1557 3067 1651 3136 qui
1689 3066 1900 3118 nullum
1939 3084 2039 3119 nos
2085 3066 2143 3118 in
2181 3066 2385 3119 nostris
2423 3065 2535 3117 fra-

491 3141 666 3194 tribus
705 3142 1090 3196 detrimentum
1148 3142 1418 3195 sustinere
1474 3141 1748 3211 permisit,
1809 3139 1898 3193 sed
1956 3158 2074 3209 quae
2131 3144 2322 3193 nostro
2380 3140 2532 3209 prius

494 3214 798 3268 ministerio
821 3216 1086 3270 Dominus
1126 3216 1424 3282 definierat,
1465 3215 1731 3268 universae
1758 3214 2120 3267 fraternitatis
2147 3214 2531 3267 irretractabili

495 3288 732 3342 firmavit
769 3308 1022 3353 assensu3
1064 3295 1126 3345 ut
1165 3309 1288 3344 vere
1327 3309 1359 3343 a
1398 3308 1454 3343 se
1492 3289 1759 3359 prodiisse
1808 3289 2131 3352 ostenderet,
2184 3289 2329 3357 quod
2379 3288 2531 3357 prius

494 3379 526 3414 a
563 3362 738 3431 prima
778 3364 1018 3416 omnium
1058 3366 1179 3418 sede
1218 3365 1528 3428 formatum,
1569 3364 1743 3417 totius
1781 3361 2063 3415 christiani
2103 3363 2248 3415 orbis
2269 3362 2532 3433 judicium

493 3436 810 3505 recepisset:
850 3441 915 3490 ut
950 3437 1007 3489 in
1046 3438 1149 3492 hoc
1187 3457 1400 3510 quoque
1437 3437 1602 3509 capiti
1627 3437 1863 3491 membra
1889 3437 2330 3491 concordarent.»
2390 3435 2533 3489 Vera

495 3510 880 3580 interpretatio
918 3512 1116 3566 mentis
1154 3511 1207 3566 S.
1249 3512 1446 3567 Leonis
1484 3511 1591 3566 erit
1627 3511 1739 3576 illa,
1792 3529 1910 3580 quae
1965 3529 2146 3564 omnes
2186 3513 2299 3581 ejus
2349 3513 2532 3564 textus

495 3584 809 3637 harmonice
846 3585 1094 3654 explicat.
1173 3587 1422 3641 Christus
1459 3587 1538 3640 ita
1577 3586 1824 3640 omnibus
1875 3583 2158 3654 Apostolis
2204 3587 2531 3654 potestatem

497 3658 750 3724 contulit,
791 3661 855 3712 ut
893 3659 1139 3712 omnibus
1177 3659 1398 3714 Petrum
1436 3659 1831 3731 praeposuerit,-
1863 3663 1927 3712 ut
1972 3659 2155 3712 unitas
2205 3660 2560 3720 servm-etun.

498 3735 552 3785 et
590 3731 727 3785 nihil
766 3737 990 3802 possent
1030 3733 1311 3788 decernere
1350 3734 1623 3805 Apostoli,
1662 3733 1770 3788 nisi
1808 3732 2159 3786 consensione
2186 3736 2240 3787 et
2267 3731 2532 3786 charitate
