2722 4146
2152 295 2220 350 51

179 442 448 500 indivulsa
506 461 622 498 cum
684 441 860 514 capite
918 463 1033 511 suc,
1091 443 1151 499 in
1209 463 1316 515 quo
1374 442 1748 515 comprehensi
1804 446 1859 497 et
1917 443 2226 513 complicati

181 538 364 574 omnes
422 523 593 584 erant,
653 519 868 588 quando
926 521 1082 573 illum
1141 519 1408 589 (Petrum)
1468 519 1653 573 divina
1708 518 1809 571 hac
1866 521 1922 572 et
1960 517 2225 587 stupenda

179 598 451 665 potestate
509 593 738 647 clavium
777 593 1025 648 Christus
1084 595 1394 648 cumulavit.
1445 581 1593 647 ‚Hoc
1650 596 1706 646 et
1741 611 1854 646 non
1913 592 2020 646 alio
2059 592 2220 645 modo

180 669 494 738 explicanda
532 671 663 721 sunt
700 669 862 721 verba
901 667 952 722 S.
999 669 1223 723 Leonis:
1269 673 1366 722 «ut
1404 670 1470 723 ab
1509 669 1627 738 ipso
1667 667 1850 732 Petr0,
1893 666 2049 737 quasi
2088 685 2224 736 quo-

181 744 302 796 dam
343 743 519 812 capite
558 743 699 795 dona
726 761 822 795 sua
848 743 906 795 in
935 762 1131 813 corpus
1158 743 1546 806 diffunderet»3
1588 762 1702 796 non
1727 743 1871 795 enim
1891 741 2222 812 significant,

181 816 478 886 Apostolos
508 836 539 868 a
564 816 744 881 Petro,
777 817 1073 888 Episcopos
1109 838 1140 871 a
1159 819 1404 872 Romano
1425 818 1692 871 Pontifice
1712 820 2036 886 potestatem
2058 815 2227 887 juris-

181 891 436 944 dictionis
464 891 732 959 accipere:
777 910 898 944 cum
935 893 1434 946 manifestissimum
1482 893 1569 956 sit,
1610 890 1907 960 Apostolos
1935 909 2226 960 eorumque

182 983 511 1018 successores
552 965 851 1034 Episcopos
890 967 1197 1021 immediate
1235 987 1266 1020 a
1305 967 1524 1020 Christo
1567 969 1893 1035 potestatem
1943 965 2224 1035 accepisse.

182 1040 259 1092 Cf.
316 1039 650 1092 Thomassin.
742 1040 866 1094 Vet.
921 1046 975 1095 et
1026 1061 1166 1095 nova
1219 1042 1428 1111 discipl.
1482 1060 1534 1109 p.
1587 1040 1630 1093 I.
1671 1040 1707 1092 l.
1762 1046 1802 1092 l.
1845 1058 1886 1093 0.
1932 1044 2017 1093 50.
2070 1059 2123 1092 n.
2177 1044 2223 1092 3.

183 1114 315 1166 Cum
355 1132 483 1184 ergo
526 1114 774 1167 Christus
812 1119 1140 1184 potestatem
1181 1115 1507 1169 concesserit
1546 1133 1660 1167 non
1699 1114 1858 1167 modo
1901 1113 2082 1179 Petr0,
2137 1114 2228 1167 sed

181 1192 234 1241 et
273 1187 574 1256 Apostolis,
614 1189 678 1242 fit
719 1193 782 1242 ut
821 1190 1060 1243 Ecclesia
1098 1190 1294 1244 docens
1335 1192 1548 1243 constet
1574 1207 1638 1241 ex
1659 1188 1820 1241 Petro
1849 1192 1903 1241 et
1922 1187 2223 1257 ApostoliS,

182 1267 236 1315 et
274 1263 391 1315 ideo
450 1263 644 1316 merito
687 1262 739 1316 S.
782 1263 888 1317 Leo
931 1283 1248 1334 comparans
1295 1264 1577 1335 judicium,
1629 1263 1772 1332 quod
1824 1263 1940 1332 ipse
1979 1263 2128 1315 solus
2167 1263 2225 1315 in

182 1356 339 1389 causa
378 1337 729 1406 Euthychitis
770 1340 1241 1407 pronunciaverat,
1303 1358 1422 1392 cum
1455 1338 1678 1408 judicic,
1721 1338 1866 1406 quod
1906 1337 2066 1390 simul
2107 1355 2227 1389 cum

183 1411 423 1464 Concilio
445 1413 769 1465 oecumenico
800 1414 1054 1478 ediderat,
1094 1415 1198 1467 hoc
1224 1414 1514 1467 secundum
1537 1416 1694 1465 vocat
1705 1412 1925 1478 plenius
1939 1412 2224 1479 judicium,

183 1504 295 1555 prae
336 1486 530 1554 primo,
572 1490 626 1540 et
667 1505 786 1539 cum
825 1507 983 1540 suum
1016 1489 1279 1557 judicium
1319 1487 1548 1558 epistola
1586 1487 1653 1539 ad
1694 1485 1746 1539 S.
1774 1486 2094 1539 Flavianum
2121 1485 2228 1538 fuit

182 1561 553 1613 retractabile:
595 1580 718 1614 nam
758 1581 815 1614 10
855 1563 972 1632 ipsa
1011 1563 1068 1615 in
1108 1563 1312 1632 synodo
1356 1560 1775 1615 Chalcedonensi
1813 1579 1955 1614 novo
1996 1578 2230 1628 veroque

183 1634 414 1686 examini
468 1635 575 1688 fuit
631 1637 948 1705 subjectum,
1010 1641 1176 1706 prout
1233 1656 1398 1706 supra
1456 1637 1747 1705 probatum
1806 1639 1911 1699 est,
1964 1634 2228 1704 judicium

183 1709 376 1777 synodi
415 1711 753 1762 oecumenicae
792 1716 950 1764 vocat
983 1712 1250 1780 judicium
1287 1711 1691 1776 irretractabile,
1736 1710 1791 1762 id
1830 1714 1912 1762 031
1946 1709 2228 1778 judicium,

184 1783 327 1852 quod
383 1802 523 1836 novo
583 1785 815 1837 examini
871 1805 1130 1855 novaeque
1187 1787 1485 1840 sententiae'
1528 1785 1722 1855 subjici
1774 1784 1980 1853 nequit.
2060 1783 2133 1837 Et
2170 1802 2230 1835 10

184 1857 393 1926 quidem
436 1876 592 1910 vera:
635 1859 879 1913 definitio
932 1861 1127 1929 synodi
1182 1860 1630 1914 Chalcedonensis
1682 1878 1960 1928 nunquam
2000 1857 2106 1911 11111
2144 1876 2228 1909 10-

184 1935 448 1985 tractata:
503 1951 646 1986 novo
697 1953 932 2003 veroque
985 1935 1221 1987 examini
1272 1955 1544 2005 nunquam
1599 1934 1707 1987 fuit
1747 1935 1988 2002 subjecta
2027 1951 2228 1984 necun-

184 2025 344 2075 quam
381 2007 678 2075 propositis
718 2010 1075 2062 sacrosanctis
1115 2010 1423 2081 Evangeliis
1451 2010 1851 2079 interrogatum
1877 2008 1984 2060 fuit
2008 2006 2227 2075 aliquod

186 2081 485 2133 Concilium
523 2083 938 2146 oecumenicum;
993 2088 1055 2137 ut
1108 2085 1259 2136 illam
1311 2086 1597 2147 examinet,
1645 2083 1912 2152 judicium
1950 2082 2106 2144 ferat,
2158 2099 2228 2132 an

186 2155 472 2208 conveniat
512 2175 608 2209 nec
647 2176 731 2222 ne,
773 2158 1085 2226 apostolicae
1123 2159 1426 2222 traditioni,
1468 2156 1796 2211 sententiam
1834 2157 1975 2209 ferat
1998 2175 2066 2207 an
2107 2173 2225 2207 sus-

186 2230 367 2298 cipiat,
422 2231 507 2282 vel
558 2251 686 2284 non.
764 2231 883 2284 Hoc
922 2251 1017 2284 nec
1058 2251 1296 2301 unquam
1334 2234 1538 2285 factum
1577 2235 1676 2295 est,
1731 2249 1830 2283 nec
1867 2230 1987 2282 fieri
2024 2232 2224 2298 potest.

186 2303 358 2373 Atqui
397 2304 565 2373 ipsius
605 2305 801 2357 Leonis
841 2306 1146 2375 dogmatica
1185 2307 1454 2360 sententia
1494 2310 1548 2359 et
1588 2304 1833 2358 definitio
1874 2304 1982 2357 fuit
2021 2306 2226 2356 retrac-

186 2383 300 2431 tata
350 2378 406 2429 in
461 2379 669 2446 synodo
725 2378 1161 2444 Chalcedonensi,
1203 2400 1346 2434 novo
1396 2399 1631 2449 veroque
1671 2378 1901 2432 examini
1955 2378 2062 2430 fuit
2102 2377 2227 2430 sub-

180 2454 340 2521 jecta.
419 2453 566 2522 Ergo
607 2454 812 2506 fatente
855 2453 905 2506 S.
948 2453 1126 2507 Leone
1165 2455 1447 2507 dicendum
1486 2459 1585 2518 est,
1626 2471 1738 2506 non
1778 2453 1836 2505 in
1877 2452 2036 2504 unius
2069 2450 2225 2502 Rom.

186 2526 467 2579 Pontificis
506 2527 781 2595 personali
821 2532 874 2580 et
913 2547 943 2580 a
982 2532 1102 2581 tota
1122 2529 1362 2581 Ecclesia
1401 2528 1795 2597 independente
1827 2525 2031 2596 judicio
2061 2524 2229 2577 collo-

188 2604 367 2653 catum
406 2601 570 2653 fuisse
609 2621 640 2653 a
681 2601 896 2655 Christo
937 2603 1189 2655 ultimum
1228 2603 1618 2674 magisterium,
1660 2602 1904 2671 regulam
1943 2599 2097 2662 fidei3
2139 2597 2228 2651 sed

186 2676 244 2727 in
283 2675 523 2727 unanimi
562 2675 730 2744 ipsius
756 2676 910 2729 Rom.
946 2676 1224 2730 pontificis
1264 2696 1385 2730 cum
1409 2677 1661 2730 universa
1699 2674 1940 2729 Ecclesia
1965 2691 2230 2728 consensu

189 2753 243 2802 et
282 2749 556 2819 suffragio.

338 2823 541 2886 Quibus
581 2824 997 2878 difficultatibus
1037 2830 1357 2894 premantur
1415 2845 1478 2878 ex
1518 2826 1621 2879 hoc
1659 2825 1854 2878 Leonis
1894 2821 2226 2885 testimoniO,

189 2916 294 2967 quo
335 2899 660 2952 sententiam
699 2918 849 2952 suam
886 2903 1021 2952 tunc
1059 2904 1277 2953 tantum
1314 2901 1508 2954 asserit
1548 2900 1714 2952 fuisse
1761 2896 2226 2959 irretractabilem,

189 2972 402 3041 quando
452 2992 483 3025 a
523 2974 729 3042 synodo
781 2974 1107 3026 oecumenica
1157 2975 1266 3028 fuit
1302 2975 1599 3044 adprobata
1637 2978 1692 3026 et
1731 2972 2066 3034 confirmata,
2127 2969 2227 3033 illi,

191 3047 284 3115 qui
322 3049 658 3115 personalem
709 3052 762 3101 et
800 3049 1174 3102 miraculosam
1225 3049 1387 3102 unius
1437 3052 1490 3101 et
1531 3048 1700 3101 solius
1739 3046 1894 3098 Rom.
1946 3044 2230 3097 Pontificis

194 3121 643 3175 infallibilitatem
682 3123 1008 3176 defendunt:
1050 3126 1203 3191 patet
1242 3142 1306 3176 ex
1347 3142 1425 3188 ec,
1469 3123 1611 3190 quod
1650 3119 1836 3189 aliqui,
1877 3123 1939 3172 ut
1979 3118 2230 3171 defende-

193 3198 332 3258 rent,
373 3197 697 3249 sententiam
736 3197 1098 3268 dogmaticam
1138 3195 1189 3250 8.
1231 3197 1426 3250 Leonis
1477 3197 1642 3248 fuisse
1680 3193 2136 3246 irretractabilem
2175 3196 2231 3244 et

194 3268 435 3338 regulam
474 3270 615 3335 fidei,
667 3276 870 3342 negant
917 3272 1056 3323 hanc
1106 3271 1388 3339 epistolam
1439 3271 1498 3322 in
1547 3269 1753 3338 synodo
1806 3265 2230 3320 Chalcedonensi

195 3342 359 3394 fuisse
397 3346 760 3410 retractatam,
800 3365 942 3399 novo
981 3363 1214 3414 veroque
1252 3344 1481 3398 examini
1511 3344 1822 3413 subjectam,
1862 3345 1926 3395 ut
1950 3341 2231 3395 Baro‘nius

198 3414 286 3483 (ad
325 3435 409 3468 an.
449 3422 574 3470 449.
611 3422 743 3472 tom.
784 3419 879 3473 VI.
921 3439 970 3488 p.
1014 3419 1125 3487 80.)
1166 3419 1370 3484 videns,
1411 3422 1465 3470 et
1490 3418 1774 3487 epistolam
1806 3415 1858 3470 S.
1887 3415 2082 3469 Leonis
2109 3418 2228 3468 tota

198 3489 338 3542 sedis
377 3488 710 3559 Apostolicae
748 3494 1074 3547 auctoritate
1126 3493 1507 3561 conscriptam,
1560 3495 1614 3545 et
1665 3510 1728 3544 ex
1767 3491 1873 3544 alia
1922 3494 2078 3559 parte
2115 3506 2227 3540 non

198 3583 354 3633 posse
392 3564 619 3630 defendi,
660 3566 1000 3621 definitiones
1039 3566 1367 3636 dogmaticas
1426 3584 1537 3618 esse
1586 3565 2024 3629 irretractabiles,
2076 3562 2122 3615 si
2171 3561 2228 3612 in

199 3638 428 3692 concilio
453 3641 774 3693 oecumenico
813 3641 1204 3712 subjicerentur
1242 3658 1384 3693 novo
1423 3658 1656 3709 veroque
1693 3638 1942 3693 examini.

347 3712 461 3766 Alii
518 3717 738 3768 econtra
793 3733 914 3769 cum
970 3715 1231 3781 viderent,
1290 3732 1344 3768 se
1399 3732 1512 3768 non
1547 3733 1704 3784 posse
1752 3730 1951 3784 negare
2006 3710 2227 3776 factum,

1880 3801 1971 3844 4*.
