2612 4062
2055 257 2160 308 269

127 391 288 444 dente
336 423 402 429 —
456 411 581 445 nam
631 411 751 445 cum
801 394 864 446 de
916 395 1301 451 reformatione
1357 399 1642 469 agebatur,
1700 399 1985 468 praecipue
2035 418 2162 453 cura

127 465 518 534 suscipiebatur
569 467 634 518 ab
687 467 862 520 Illmo.
917 468 979 521 D.
1031 470 1182 524 Card.
1229 473 1292 524 de
1338 472 1527 526 Monte
1575 473 1668 538 L0,
1740 492 1860 526 cum
1911 491 2040 526 vero
2100 475 2164 527 de

125 539 468 609 dogmatibus
526 559 557 592 a
608 542 883 609 praedicto
937 543 1088 596 Card.
1139 545 1190 598 S.
1243 546 1457 608 Crucis,
1517 548 1614 599 sub
1665 547 1812 600 Julio
1871 551 2050 600 autem
2103 549 2161 600 in

125 616 354 682 utraque
404 631 562 666 causa
615 616 1004 670 conveniebant
1055 637 1234 671 coram
1286 621 1467 690 legato
1517 624 1571 673 et
1617 621 2050 675 Praesidentibus
2092 655 2158 660 -

125 705 376 740 censuras
414 687 556 756 ipsas
596 688 960 743 discutiebant
992 696 1045 744 et
1085 694 1476 748 examinabant.
1535 694 1592 746 Si
1628 713 1754 748 vero
1782 696 2018 749 Praelati
2055 697 2161 766 ipsi

125 760 386 831 Theologi
444 780 605 830 super
663 763 844 831 aliqua
902 783 1126 818 censura
1179 769 1467 820 convenire
1516 787 1625 821 non
1665 770 1986 837 potuissent,
2028 774 2162 824 tunc

122 835 382 904 ejusmodi
416 854 672 888 censurae
706 837 902 890 decisio
927 840 993 890 ad
1029 839 1519 911 Congregationem
1552 842 1867 895 Generalem
1893 845 2159 898 refereba-

121 913 229 973 tur,
264 909 322 960 in
362 928 465 978 qua
503 915 693 978 postea
734 911 847 979 ipse
885 911 1199 967 Praesidens
1240 916 1588 969 difficultates
1627 921 1682 970 et
1719 917 1878 970 dubia
1917 918 2156 987 ipsorum

122 983 521 1053 Theologorum
579 1003 639 1036 ac
703 986 864 1037 etiam
926 988 1210 1057 utriusque
1274 990 1445 1058 partis
1501 991 1738 1044 rationes
1801 995 2156 1061 proponebat.

121 1056 546 1111 Adnotabantur
581 1059 723 1110 enim
750 1078 780 1110 a
807 1058 1106 1114 Secretario
1143 1063 1385 1131 ipsorum
1422 1064 1819 1135 Theologorum
1859 1066 2154 1135 opinioneS,

121 1150 281 1200 super
345 1132 539 1200 quibus
598 1134 896 1186 sententiae
961 1136 1199 1188 omnium
1257 1137 1481 1190 Patrum
1543 1140 1894 1209 rogabantur.
1989 1140 2158 1209 quue

120 1208 270 1258 toties
320 1207 479 1272 fiebat
537 1224 802 1274 quousque
856 1226 1029 1261 omues
1079 1213 1355 1264 unanimes
1406 1216 1771 1265 convenissent.
1862 1213 1919 1266 si
1976 1220 2155 1269 autem

119 1279 357 1333 Praelati
420 1281 683 1351 Theologi
747 1284 1036 1335 concordes
1100 1285 1356 1348 fuissent,
1423 1286 1694 1339 decretum
1751 1290 1910 1356 juxta
1973 1307 2158 1342 eorum

118 1353 414 1407 sententias
453 1356 864 1419 reformabatur,
906 1358 1049 1426 quod
1087 1359 1441 1412 nihilominus
1480 1365 1668 1428 postea
1704 1381 1891 1414 rursus
1932 1363 1985 1414 in
2018 1363 2156 1416 Gon-

118 1428 438 1498 gregatione
466 1428 716 1482 Generali
755 1432 1166 1484 examinandum
1191 1435 1614 1502 proponebatur,
1655 1435 1714 1487 in
1753 1454 1858 1504 qua
1896 1440 1958 1489 ut
1983 1437 2156 1506 pluri-

118 1521 263 1554 mum
300 1503 698 1574 Theologorum
739 1506 1036 1558 sententiae
1077 1509 1584 1576 comprobabantur,
1626 1528 1821 1579 magna
1861 1511 2002 1562 enim
2041 1516 2156 1564 erat

117 1577 259 1645 apud
299 1581 538 1631 caeteros
576 1578 765 1632 Patres
805 1579 1049 1648 ipsorum
1076 1581 1478 1652 Theologorum
1516 1584 1826 1636 auctoritas.
1887 1583 2155 1637 Nonnun-

118 1669 278 1719 quam
316 1656 500 1704 tamen
539 1654 682 1721 quod
723 1654 985 1724 Theologi
1026 1656 1385 1719 censuissent,
1439 1657 1639 1709 iterum
1688 1657 1747 1709 in
1786 1659 2154 1726 quaestionem

117 1725 173 1776 in
224 1726 382 1794 plena
422 1725 855 1797 Congregatione
894 1731 1225 1796 ponebatur,
1281 1731 1382 1783 etsi
1431 1731 1485 1782 id
1529 1750 1653 1784 raro
1693 1732 1978 1784 admodum
2015 1734 2154 1785 acci-

117 1799 273 1853 derit.
339 1799 662 1869 Hujusmodi
703 1807 882 1855 autem
911 1802 1372 1874 Congregationes
1413 1806 1510 1857 sub
1546 1805 1642 1858 Pio
1670 1805 1749 1858 IV
1787 1824 1896 1858 non
1932 1808 2154 1860 fuerunt

116 1872 360 1938 habitae,
421 1894 545 1927 nam
593 1894 848 1929 censurae
895 1895 987 1929 seu
1029 1878 1487 1932 considerationes
1527 1881 1698 1932 factae
1737 1899 1768 1931 a
1806 1879 2057 1934 Patribus
2095 1882 2153 1933 in

117 1946 638 2018 Congregationibus
667 1950 1020 2004 Generalibus
1047 1953 1478 2006 discutiebantur
1517 1955 1582 2006 ab
1622 1954 1687 2006 iis
1727 1954 2016 2022 deputatiS,
2059 1956 2151 2024 qui

113 2022 324 2075 decreta
377 2025 750 2089 confecerant,
803 2026 848 2078 si
887 2044 1013 2078 vero
1054 2027 1233 2096 aliqua
1272 2027 1563 2081 difficultas
1603 2029 1686 2080 vel
1726 2029 1968 2097 quaestio
2007 2029 2152 2082 inter

111 2114 200 2148 eos
239 2097 520 2151 accidisset
558 2117 618 2151 ea
658 2101 842 2153 statim
880 2101 947 2152 ad
986 2102 1199 2169 plenam
1240 2100 1517 2170 Synodum
1557 2103 1906 2155 referebatur.

287 2217 382 2276 De
434 2219 986 2295 Couyreyutiouibus
1036 2223 1455 2281 Praelutorum
1505 2222 1968 2281 Cauouisturum.

256 2334 710 2396 Quemadmodum
735 2336 793 2388 in
820 2337 1216 2390 examinatione
1238 2338 1567 2408 dogmatum,
1596 2341 1658 2390 ut
1679 2337 1924 2406 superius
1946 2337 2148 2391 dictum

109 2411 207 2472 est,
230 2408 307 2461 ita
327 2409 487 2462 etiam
509 2428 625 2462 cum
646 2411 861 2464 decreta
881 2412 944 2463 de
964 2412 1354 2465 reformatione
1375 2412 1432 2463 in
1451 2411 1882 2482 Congregatione
1897 2410 2148 2464 Generali

108 2482 578 2548 examinabantur,
630 2503 1021 2555 nonnunquam
1074 2486 1207 2539 oriri
1258 2487 1433 2539 solent
1481 2486 1737 2555 quaedam
1777 2486 2145 2550 difficultates,

107 2560 162 2608 et
202 2558 461 2626 quaedam
501 2577 755 2611 censurae
795 2578 886 2612 seu
929 2561 1386 2613 considerationes
1426 2560 1604 2612 afferri
1644 2560 1846 2623 solent,
1888 2578 2022 2628 quae
2063 2562 2146 2613 vel

107 2631 173 2682 ob
225 2633 618 2685 sententiarum
670 2634 1041 2687 diversitatem
1091 2635 1176 2687 vel
1227 2636 1294 2687 ob
1344 2635 1422 2686 rei
1470 2634 1784 2703 propositae
1822 2634 2145 2703 gravitatem

105 2722 216 2756 non
270 2705 348 2758 ita
399 2708 672 2760 commode
710 2727 807 2777 per
847 2727 964 2772 eOS,
1018 2709 1212 2778 quibus
1252 2727 1311 2760 ea
1352 2727 1480 2761 cura
1518 2709 1782 2760 incumbit
1820 2709 1879 2759 in
1918 2708 2144 2760 decretis

104 2779 283 2846 aptari
323 2786 571 2849 possunt.
638 2782 813 2844 Quare
853 2784 952 2834 sub
993 2783 1190 2834 eisdem
1228 2782 1394 2834 Paulo
1422 2782 1506 2834 III
1547 2786 1601 2834 et
1639 2781 1784 2834 Julio
1808 2781 1890 2833 III
1929 2781 2144 2834 habitae

104 2852 266 2905 etiam
317 2859 443 2908 sunt
495 2855 958 2926 Congregationes
1008 2856 1381 2909 Praelatorum
1422 2855 1835 2908 Canonistarum
1883 2873 1946 2907 ac
1991 2854 2142 2908 Juri-

103 2934 336 2992 starum,
403 2930 542 2983 idest
599 2949 786 2983 eorum
844 2931 936 2998 qui
993 2930 1276 2998 praecipue
1333 2929 1432 2981 Jus
1493 2929 1809 2981 canonicum
1866 2933 1920 2982 et
1986 2929 2142 2981 civile

103 3002 450 3068 profitentur.
548 3004 650 3066 Qui
723 3004 1103 3057 convenientes
1162 3022 1281 3056 cum
1337 3004 1511 3055 Illmo.
1566 3003 1741 3071 primo
1799 3002 2143 3056 Praesidente

101 3091 351 3129 censuras
392 3082 447 3130 et
485 3078 836 3131 difficultates
876 3078 1018 3146 ipsas
1058 3078 1449 3140 examinabant,
1485 3077 1749 3145 juxtaque
1788 3094 1974 3129 eorum
2013 3095 2138 3130 sen-

101 3149 303 3203 tentias
360 3151 572 3205 decreta
622 3152 1084 3215 reformabantur,
1141 3150 1186 3203 si
1236 3169 1362 3203 vero
1415 3154 1470 3202 et
1520 3150 1625 3219 ipsi
1663 3167 1823 3218 super
1863 3151 2045 3220 aliqua
2082 3170 2141 3204 re

101 3221 369 3277 discordes
409 3226 657 3289 fuissent,
698 3230 830 3278 tunc
867 3227 980 3295 ejus
1020 3225 1215 3277 decisio
1242 3225 1620 3277 remittebatur
1658 3224 1725 3275 ad
1752 3223 2141 3295 Congregatio-

100 3314 221 3349 nem
262 3297 592 3351 Generalem.
672 3299 925 3368 Idemque
971 3299 1028 3351 in
1067 3298 1288 3367 reliquis
1329 3299 1738 3361 observabatur,
1793 3299 1935 3367 quod
1974 3318 2140 3369 supra

100 3369 159 3422 in
186 3371 620 3443 Congregatione
645 3372 1020 3426 praelatorum
1051 3373 1452 3441 Theologorum
1486 3371 1805 3425 adnotatum
1843 3376 1940 3426 est.
1994 3373 2138 3436 Quae

101 3442 562 3515 Congregationes
593 3445 1004 3499 Canonistarum
1045 3447 1143 3499 sub
1182 3445 1280 3497 Pio
1307 3444 1387 3497 IV
1425 3463 1538 3497 non
1575 3450 1704 3498 sunt
1741 3446 1980 3510 habitae3
2012 3465 2138 3500 nam

100 3516 141 3568 ii
178 3517 368 3572 Patres
407 3520 501 3588 qui
539 3520 606 3571 ad
644 3538 705 3571 ea
743 3519 955 3573 decreta
994 3519 1327 3572 conficienda
1365 3519 1556 3572 delecti
1594 3519 1837 3585 fuerant,
1886 3538 2136 3574 censuras

13 3650 16 3652 v
99 3591 263 3644 etiam
303 3611 462 3661 super
501 3593 576 3645 eis
603 3593 774 3646 factas
794 3593 1144 3647 discutientes
1183 3593 1396 3646 decreta
1434 3593 1551 3662 ipsa
1575 3593 1958 3659 reformabant,
1987 3598 2136 3648 ortae

103 3682 229 3719 vero
269 3665 413 3718 inter
454 3685 543 3719 eos
583 3665 933 3720 difficultates
971 3687 1001 3719 a
1039 3668 1199 3735 plena
1239 3665 1456 3735 Synodo
1496 3668 1946 3722 terminabantur.
