2612 4062
2098 230 2201 285 123

159 397 224 432 ex
261 377 379 432 solo
419 375 645 448 imperio
699 394 808 430 suae
846 377 1178 442 voluntatis,
1235 397 1350 432 non
1387 397 1452 432 ex
1503 376 1823 448 quibusdam
1874 377 2200 450 excogitatis

158 453 425 517 formulis,
465 451 884 506 accidentalibus
923 453 1378 517 soleinnitatibUS‚
1417 452 1639 525 adjectis
1661 452 1900 506 censuris
1927 456 1982 506 et
2007 454 2200 523 poeniS,

159 528 250 581 sed
289 545 354 580 ex
393 528 510 597 ipsa
548 526 628 579 rei
666 529 892 591 natura,
943 546 1009 580 ex
1046 527 1163 597 ipsa
1203 528 1480 581 catholicae
1519 527 1781 581 doctrinae
1820 528 2082 592 essentia,
2137 547 2202 581 ex

159 603 277 671 ipsa
330 600 726 655 constitutione
779 600 1048 665 Ecclesiae,
1103 620 1265 670 quam
1322 602 1603 671 prophetae
1661 602 2200 670 praenunciaverunt,

161 676 406 730 Christus
446 675 721 738 fundavit,
775 673 1030 745 Apostoii
1073 678 1507 747 praedicaverunt
1560 679 1613 730 et
1652 675 1891 731 Ecclesia
1948 677 2200 730 universa

160 769 368 819 semper
406 749 651 803 retinuit.

305 823 418 877 Nec
456 824 639 877 dicant
677 823 952 876 difficilem
993 843 1122 888 esse,
1165 843 1375 894 semper
1415 825 1481 877 ad
1519 824 1902 877 oecumenicam
1931 825 2201 894 synodum

159 899 244 951 vel
282 899 347 951 ad
391 898 643 950 Ecclesiae
684 898 950 951 universae
998 900 1293 970 uffragium
1334 918 1631 961 recurrere,
1675 902 1730 952 et
1771 899 1890 952 ideo
1928 902 2201 968 oportere,

158 973 312 1025 Rom.
354 973 611 1026 Pontifex
663 972 824 1025 6116111
883 974 1030 1026 solus
1083 978 1137 1026 et
1190 993 1220 1026 a
1259 978 1378 1027 tota
1419 973 1659 1026 Ecclesia
1710 973 2077 1042 independens
2129 975 2204 1027 sit

159 1047 478 1111 infallibilis,
520 1051 581 1100 ut
621 1065 827 1115 semper
868 1047 940 1100 sit
979 1051 1200 1117 paratus
1234 1049 1422 1117 judex,
1477 1048 1541 1100 ad
1598 1066 1755 1116 quem
1810 1048 2078 1116 possimus
2118 1067 2203 1101 re-

161 1140 374 1174 currere
412 1126 466 1174 et
505 1121 598 1190 qui
636 1121 914 1173 infallibili
955 1122 1284 1175 auctoritate
1334 1122 1658 1191 quaestiones
1706 1122 1830 1174 fidei
1884 1126 1937 1175 et
1988 1142 2201 1175 morum

160 1196 380 1249 dirimat
421 1199 476 1248 et
514 1196 767 1248 Ecclesiae
808 1195 1076 1249 unitatem
1120 1197 1352 1259 efficiat3
1394 1198 1538 1249 hunc
1563 1196 1925 1266 gubernandae
1951 1197 2205 1250 Ecclesiae

171 1271 388 1323 modum
440 1289 552 1323 esse
604 1270 983 1339 simpliciorem
1024 1275 1078 1323 et
1126 1271 1244 1323 ideo
1283 1272 1576 1324 tenendum
1631 1290 1662 1322 a
1702 1270 1813 1323 Deo
1862 1271 2199 1324 institutum.

306 1345 740 1414 Respondemus,
782 1344 920 1397 hanc
960 1345 1336 1398 necessitatem
1376 1365 1486 1397 11011
1527 1364 1638 1397 esse
1678 1364 1874 1408 veram,
1917 1346 2007 1398 sed
2047 1346 2204 1398 affec-

161 1423 348 1474 tatam.
437 1420 491 1470 1⁰
521 1419 791 1471 Primatus
832 1419 986 1472 Rom.
1016 1419 1318 1483 Pontificis,
1360 1419 1679 1471 universalis
1720 1419 1971 1471 Ecclesiae
2011 1421 2205 1473 suffra-

159 1494 308 1564 gium
348 1494 688 1546 sufficiebant
727 1512 822 1562 per
862 1494 1050 1546 XVIII
1091 1494 1283 1546 saecula
1337 1494 1403 1545 ad
1449 1493 1854 1563 gubernandam
1895 1494 2204 1558 Ecclesiam,

160 1569 472 1620 servandam
499 1568 763 1620 unitatem
804 1571 857 1620 et
883 1567 949 1620 ad
989 1569 1265 1631 tuendum,
1307 1568 1700 1635 explicandum,
1731 1568 2091 1621 definiendum
2118 1573 2206 1622 to-

160 1646 276 1695 tum
304 1643 608 1711 depositum
639 1641 761 1694 fidei
788 1642 932 1694 inter
960 1642 1442 1711 periculosissimas
1469 1645 1819 1709 tempestates
1862 1646 1916 1694 61
1948 1643 2207 1696 diuturna

162 1716 424 1769 intestina
464 1716 779 1778 schismata3
822 1721 876 1769 ct
917 1717 1059 1785 quod
1099 1716 1310 1769 suffecit
1350 1734 1519 1785 usque
1571 1716 1636 1767 ad
1687 1717 1829 1768 hanc
1868 1716 2038 1781 diem,
2092 1736 2206 1770 non

161 1794 244 1844 est
286 1792 625 1854 credendum,
665 1809 774 1842 non
819 1791 1170 1843 suffecturum
1211 1791 1372 1843 etiam
1410 1791 1467 1842 in
1509 1794 1805 1859 posterum.

315 1865 377 1917 2⁰
406 1865 554 1928 Cum,
597 1869 658 1917 ut
685 1865 863 1917 aiebat
890 1863 941 1917 S.
969 1864 1223 1928 [ranaeuS,
1265 1866 1331 1917 ad
1358 1864 1634 1917 ecclesiam
1657 1864 1951 1917 Romanam
1979 1869 2206 1934 propter

163 1939 436 2009 potiorem
496 1939 960 2009 principalitatem
1002 1958 1211 1991 omnem
1267 1940 1544 1991 ecclesiam
1616 1939 1916 2003 confluere,
1997 1958 2207 1992 necesse

162 2014 261 2077 sit,
321 2014 380 2065 in
433 2014 550 2082 ipsa
608 2014 827 2065 ecclesia
879 2014 1123 2066 Romana
1190 2013 1508 2066 universalis
1565 2013 1816 2065 Ecclesiae
1887 2014 2206 2084 suffragium

168 2106 490 2141 consensum
530 2092 582 2140 61
621 2088 1003 2140 auctoritatem
1043 2107 1250 2156 semper
1292 2088 1542 2140 omnibus
1580 2091 1782 2156 praesto
1824 2106 1951 2140 esse.

314 2164 373 2214 3⁰
415 2162 547 2215 Cum
586 2162 738 2215 Rom.
770 2161 1026 2214 Pontifex
1066 2162 1128 2214 de
1170 2163 1272 2214 fide
1311 2163 1394 2214 vel
1419 2162 1660 2214 moribus
1688 2162 1960 2215 decretum
1987 2162 2208 2231 aliquod

163 2237 292 2299 edit,
353 2255 464 2289 esse
503 2255 709 2304 semper
748 2236 1049 2289 moralliter
1091 2240 1317 2300 certum,
1377 2236 1555 2304 ipsum
1595 2236 1913 2289 universalis
1954 2236 2207 2290 Ecclesiae

166 2311 482 2380 suffragium
521 2311 733 2373 habere,
776 2311 994 2379 eiusque
1034 2311 1192 2362 fidem
1233 2311 1544 2378 exprimere.

312 2385 376 2437 4⁰
414 2385 567 2437 Rom.
598 2384 879 2437 Pontificis
921 2385 1156 2453 supremi
1186 2388 1238 2437 et
1266 2384 1586 2437 universalis
1622 2385 1861 2438 doctoris
1890 2385 2204 2449 auctoritas,

165 2462 281 2511 1016
332 2460 446 2511 haec
497 2460 716 2511 moralis
769 2463 822 2510 et
876 2459 995 2527 plus
1037 2478 1195 2527 quam
1251 2459 1470 2511 moralis
1525 2459 1795 2512 certitudo
1850 2459 2028 2528 ipsum
2085 2460 2207 2511 uni-

165 2533 387 2585 versalis
427 2533 678 2585 Ecclesiae
718 2533 876 2584 fidem
929 2533 1253 2601 exprimere,
1309 2533 1618 2596 sufficiunt,
1673 2539 1736 2586 ut
1787 2551 1971 2586 omnes
2024 2533 2206 2586 fideles

165 2607 390 2659 debeant
430 2608 479 2659 ei
518 2626 696 2659 veram
750 2625 814 2658 ex
855 2607 1013 2659 corde
1072 2607 1432 2660 obedientiam
1486 2611 1541 2660 et
1591 2608 1802 2660 sincero
1854 2607 2033 2660 animo
2094 2610 2206 2677 ejus

167 2681 382 2734 decreta
422 2681 736 2750 suscipiant.

324 2757 385 2808 5⁰
424 2755 751 2819 Praesertim,
813 2756 957 2824 quia,
1013 2759 1076 2808 ut
1134 2756 1338 2824 optime
1394 2755 1472 2808 ait
1526 2755 1763 2808 Perrone
1823 2753 1994 2825 (prael.
2037 2756 2204 2808 theol.

168 2849 219 2898 p.
262 2829 289 2882 I
329 2849 368 2882 s.
411 2835 438 2881 2
486 2848 527 2882 c.
580 2835 658 2882 14.
702 2830 729 2896 ξ
772 2836 803 2882 4
845 2830 907 2881 (16
949 2829 1166 2882 dotibus
1207 2829 1474 2898 primat.),
1517 2833 1806 2898 antequam
1859 2829 2086 2900 quaestio
2139 2829 2206 2881 ad

169 2904 520 2972 apostolicam
561 2904 737 2956 sedem
776 2904 1079 2967 deferatur,
1121 2905 1362 2974 agitatur
1403 2904 1460 2954 in
1501 2903 1756 2964 ecclesiis,
1801 2904 1893 2955 ubi
1933 2922 2085 2955 error
2123 2903 2208 2955 in-

171 2978 349 3047 coepit,
389 2977 647 3046 Episcopi
699 2979 1020 3048 insurgunt,
1081 2978 1437 3046 provincialia
1490 2978 1575 3029 vel
1627 2977 1930 3030 nationalia
1982 2977 2208 3030 concilia

171 3056 458 3122 coguntur,
499 3052 802 3120 inquirunt,
830 3052 1156 3115 examinant,
1192 3052 1456 3120 judicant,
1498 3050 1740 3120 theologi
1783 3069 1895 3103 sese
1921 3051 2210 3121 quaestioni

171 3125 488 3188 immiscent,
531 3126 658 3178 libri
698 3127 948 3189 eduntur,
1005 3125 1184 3178 fideles
1237 3128 1674 3188 commoventur,
1731 3124 1809 3177 ita
1849 3129 1936 3189 ut,
1993 3126 2206 3194 quando

171 3217 255 3251 res
295 3200 361 3251 ad
400 3200 630 3251 ecclesiae
669 3200 924 3252 Romanae
964 3218 1180 3251 examen
1221 3203 1273 3251 et
1306 3198 1573 3267 judicium
1613 3199 1876 3266 pervenit,
1930 3199 2210 3270 integrum

173 3273 454 3343 negotium
505 3274 618 3341 jam
669 3275 951 3337 maturiUS,
1012 3277 1065 3326 et
1105 3272 1356 3325 Ecclesiae
1396 3290 1686 3325 consensus
1727 3273 2060 3327 sufficienter
2113 3293 2205 3327 ex-

173 3365 389 3415 pressus
429 3350 525 3409 est,
567 3351 630 3399 ut
669 3348 806 3399 sedis
847 3347 1166 3416 principalis
1206 3347 1486 3399 accedente
1525 3347 1870 3410 auctoritate,
1923 3366 2009 3401 res
2053 3348 2207 3401 finita

176 3419 399 3472 dicenda
438 3420 539 3473 sit:
582 3421 724 3473 unde
765 3420 816 3474 S.
857 3420 1230 3491 Augustinus:
1272 3419 1393 3472 Jam
1444 3420 1508 3472 de
1558 3420 1659 3473 hac
1715 3439 1773 3474 re
1824 3421 1929 3475 duo
1981 3422 2205 3475 concilia

175 3493 404 3546 Romam
440 3494 603 3546 missa
654 3497 811 3559 sunt,
859 3495 984 3547 inde
1023 3494 1289 3563 rescripta
1335 3498 1627 3559 venerunt,
1689 3513 1847 3548 causa
1897 3496 2056 3549 finita
2108 3499 2206 3560 est,

179 3567 391 3620 utinam
430 3567 654 3621 finiatur
692 3568 982 3637 aliquando
1024 3572 1079 3621 et
1116 3586 1284 3620 error.

330 3641 390 3695 6⁰
431 3641 583 3707 Quod
635 3642 682 3696 si
741 3643 881 3697 circa
935 3642 1252 3697 universalis
1306 3641 1560 3711 Ecclesiae
1618 3661 1967 3713 consensum,
2026 3643 2210 3714 aliqua
