2722 4146
463 251 549 304 -58

478 395 807 450 vicariorum
857 393 998 448 sedis
1047 390 1383 461 Apostolicae
1428 389 1701 461 judicatis,
1760 387 2044 454 ordinatiS,
2085 387 2325 442 definitis
2362 391 2526 458 atque

480 470 780 542 dispositiS,
819 472 1080 538 tanquam
1118 464 1450 534 imperfectis
1500 468 1663 534 atque
1700 462 2232 535 reprehensibilibus,
2280 462 2393 516 sive
2430 475 2526 532 per

479 546 924 606 additamentum,
981 542 1094 594 sive
1142 558 1239 609 per
1297 539 1738 603 diminutionem,
1790 538 1903 592 sive
1943 556 2036 608 per
2074 536 2524 602 immutationem,

479 621 564 673 vel
604 637 821 689 quoquo
874 616 1032 670 modo
1083 614 1291 684 aliquid
1328 614 1630 678 temerariae
1667 613 1935 667 novitatis
1986 611 2205 665 inferre.
2285 610 2525 664 Deinde:

484 694 618 747 «His
657 693 829 763 igitur
869 710 900 743 a
939 689 1095 743 nobis
1123 707 1244 742 cum
1273 688 1421 741 omni
1461 688 1694 757 undique
1716 687 1924 741 cautela
1943 690 2106 755 atque
2130 685 2416 755 diligentia
2439 725 2451 739 .
2476 728 2487 739 .
2513 726 2525 738 .

480 767 773 837 dispositiS,
815 764 1106 818 statuimus
1145 767 1200 817 et
1239 762 1590 826 decernimus,
1631 762 1772 815 nulli
1810 762 1877 814 ad
1906 761 2120 815 ordines
2148 763 2202 813 et
2229 759 2528 830 dignitates

480 839 866 896 ecclesiasticas
925 839 1226 908 pertinenti
1282 837 1444 891 licere
1502 836 1794 906 quidquam
1851 835 2191 889 contrarium
2248 833 2350 898 his,
2410 852 2529 904 quae

479 915 736 986 praesenti
793 913 1079 967 asserimus
1139 913 1221 965 vel
1290 913 1583 965 statuimus
1643 910 1988 974 ConstitutO,
2059 909 2123 962 de
2180 926 2320 978 saepe
2369 908 2530 961 dictis

480 991 656 1044 tribus
697 987 964 1058 Capitulis
1002 991 1098 1041 aut
1137 986 1476 1040 conscribere
1514 987 1600 1039 vel
1639 985 1902 1056 proferre,
1941 986 2038 1037 aut
2077 1001 2398 1052 componere
2443 983 2529 1035 vel

483 1065 691 1127 docere,
731 1067 828 1117 aut
866 1063 1103 1132 aliquam
1143 1065 1270 1131 post
1307 1065 1631 1130 praesentem
1670 1059 2042 1113 definitionem
2061 1076 2276 1110 movere
2303 1056 2531 1111 ulterius

482 1138 892 1209 quaestionem.»
975 1136 1175 1204 (Mansi
1214 1139 1256 1189 t.
1297 1134 1391 1188 IX.
1433 1154 1555 1206 pag.
1605 1138 1722 1188 102.
1766 1134 1876 1202 59.)

629 1212 716 1266 En
755 1211 1002 1264 definitio
1042 1211 1106 1263 de
1145 1211 1291 1263 facto
1331 1210 1667 1280 dogmatico:
1709 1227 1780 1261 an
1819 1207 1929 1260 Ibae
1968 1206 2202 1276 epistola
2240 1205 2313 1258 sit
2342 1205 2530 1258 ortho-

482 1289 647 1341 doxa:
690 1306 759 1339 an
801 1287 926 1340 talis
967 1286 1134 1338 fuerit
1173 1284 1444 1338 declarata
1482 1304 1513 1337 a
1553 1282 1974 1338 Chalcedonensi
2013 1280 2223 1349 synodo
2265 1278 2529 1343 definitio,

483 1380 603 1432 quae
643 1380 764 1414 cum
803 1360 866 1413 de
907 1361 1012 1413 fide
1051 1365 1195 1428 agat,
1237 1359 1303 1411 ad
1344 1377 1528 1412 omnes
1569 1361 1793 1428 spectat,
1853 1357 1919 1409 ad
1960 1374 2096 1425 quos
2135 1357 2345 1423 spectat
2384 1353 2530 1406 fides.

482 1437 648 1491 Facta
706 1439 788 1489 est
846 1435 1160 1488 solemniter
1200 1453 1231 1486 a
1270 1433 1539 1487 Pontifice
1584 1433 1740 1486 Rom.
1801 1449 1922 1484 cum
1980 1430 2209 1483 concilio
2269 1427 2533 1480 sexdecim

484 1512 879 1581 Episcoporum
919 1514 972 1563 et
1013 1510 1181 1562 trium
1221 1508 1600 1561 diaconorum:
1655 1505 1928 1577 prohibet,
1980 1523 2047 1557 ne
2104 1503 2224 1573 quis
2283 1503 2432 1556 ultra
2471 1501 2534 1554 de

467 1586 568 1643 ,his
607 1589 822 1638 moveat
862 1584 1240 1653 quaestionem:
1283 1583 1504 1636 damnat
1542 1601 1606 1635 ex
1647 1580 1976 1634 auctoritate
2015 1579 2154 1632 sedis
2181 1576 2531 1646 Apostolicae,

486 1662 534 1714 si
574 1660 695 1729 quis
735 1659 942 1728 aliquid
984 1658 1047 1710 de
1086 1658 1170 1710 his
1209 1658 1385 1710 tribus
1427 1656 1691 1726 Capitulis
1733 1659 1921 1708 contra
1962 1670 2114 1706 suam
2166 1651 2535 1704 definitionem

486 1735 661 1788 dicere
699 1752 862 1786 ausus
890 1733 1097 1786 fuisset.
1175 1732 1312 1785 Ecce
1338 1731 1603 1795 definitio,
1634 1748 1752 1799 quae
1778 1729 1941 1782 habet
1969 1746 2151 1781 omnes
2173 1725 2532 1788 conditioneS,

487 1828 621 1879 quas
660 1808 727 1860 ad
768 1807 1204 1860 constituendam
1243 1806 1617 1859 definitionem
1656 1823 1719 1857 ex
1759 1803 2013 1856 cathedra
2054 1802 2283 1872 exigunt
2310 1799 2412 1863 illi,
2442 1798 2535 1868 qui

487 1884 643 1938 Rom.
685 1882 968 1935 Pontificis
1026 1881 1362 1950 personalem
1420 1883 1475 1933 et
1532 1899 1563 1932 a
1612 1883 1732 1932 tota
1790 1876 2031 1930 Ecclesia
2087 1874 2533 1944 independentem

487 1957 938 2012 infallibilitatem
976 1959 1346 2026 propugnant.

635 2031 709 2085 Et
764 2035 947 2084 tamen
1004 2029 1251 2098 Synodus
1308 2030 1495 2097 quinta
1558 2027 1883 2080 oecumenica
1948 2043 2061 2078 non
2129 2023 2236 2076 fuit
2301 2023 2367 2074 ab
2434 2022 2536 2074 hac

488 2104 807 2159 definitione
866 2105 1144 2167 deterrita,
1186 2104 1319 2172 quin
1378 2103 1592 2156 eandem
1656 2120 1870 2154 causam
1908 2102 2234 2153 retractaret
2290 2100 2344 2150 et
2390 2115 2533 2149 novo

487 2199 720 2249 veroque
778 2179 1011 2232 examini
1069 2179 1320 2248 synodali
1371 2178 1689 2248 subjiceret,
1750 2182 1804 2229 et
1862 2175 1926 2227 de
1983 2192 2043 2226 ea
2101 2190 2242 2226 novo
2300 2189 2535 2239 veroque

481 2255 687 2325 judicio
722 2254 1010 2324 judicaret,
1053 2258 1106 2307 et
1144 2272 1175 2305 a
1215 2251 1426 2321 Spiritu
1466 2254 1653 2306 sancto
1693 2249 2002 2302 illuminata
2045 2251 2101 2301 et
2139 2247 2346 2309 edocta,
2399 2244 2535 2297 actis

486 2330 617 2399 ipsis
658 2328 1107 2383 Chalcedonensis
1147 2327 1342 2397 synodi
1383 2330 1436 2380 et
1475 2327 1592 2396 ipsa
1631 2325 1862 2394 epistola
1901 2323 2011 2376 Ibae
2037 2320 2373 2384 examinatiS,
2414 2337 2535 2388 per-

489 2404 682 2473 spexit,
744 2404 1029 2473 epistolam
1083 2403 1192 2455 Ibae
1231 2421 1263 2454 a
1303 2400 1727 2455 Chalcedonensi
1785 2398 1993 2468 synodo
2034 2415 2147 2450 non
2204 2395 2370 2448 fuisse
2417 2412 2535 2446 sus-

490 2482 716 2547 ceptam,
756 2478 895 2530 hanc
935 2477 1220 2546 epistolam
1260 2494 1373 2528 esse
1405 2475 1624 2543 impiam
1665 2478 1719 2527 et
1756 2473 2084 2536 haereticam,
2126 2470 2244 2522 ideo
2285 2487 2384 2522 nec
2418 2487 2536 2521 sus-

492 2552 599 2621 cipi
639 2552 907 2620 potuisse:
950 2555 1003 2603 et
1054 2551 1124 2614 id,
1178 2550 1320 2618 quod
1361 2549 1601 2618 Vigilius
1640 2547 1785 2616 Papa
1837 2566 1900 2599 ex
1950 2545 2278 2599 auctoritate
2316 2546 2537 2612 aposto-

492 2627 596 2678 lica
636 2625 1021 2695 prohibuerat:
1065 2624 1099 2676 i.
1128 2642 1170 2676 e.
1199 2642 1267 2676 ne
1294 2623 1357 2674 de
1385 2623 1614 2692 epistola
1641 2622 1751 2674 Ibae
1773 2625 1964 2674 contra
1984 2638 2141 2672 suum
2163 2617 2538 2671 Constitutum

493 2701 779 2770 quisquam
817 2698 1024 2768 aliquid
1065 2698 1240 2750 dicere
1279 2696 1516 2759 auderet,
1569 2695 1686 2764 ipsa
1727 2694 1778 2747 S.
1822 2694 2058 2762 synodus
2107 2691 2429 2761 complevit:
2483 2694 2537 2743 et

492 2774 797 2844 epistolam,
838 2792 998 2844 quam
1038 2771 1277 2842 Vigilius
1318 2770 1677 2823 orthodoxam
1716 2773 1770 2822 et
1808 2788 1839 2821 a
1879 2765 2301 2820 Chalcedonensi
2328 2764 2535 2832 synodo

493 2853 798 2918 susceptam
831 2848 1187 2919 judicaverat,
1229 2865 1255 2898 e
1295 2848 1484 2898 contra
1524 2844 1745 2914 impiam
1785 2847 1840 2896 et
1890 2840 2215 2904 haereticam,
2272 2856 2538 2908 quamque

495 2923 945 2977 Chalcedonensis
1003 2921 1241 2990 synodus
1293 2937 1396 2988 nec
1452 2918 1705 2988 suscepit,
1769 2935 1867 2971 nec
1923 2915 2193 2984 suscipere
2249 2913 2535 2983 potuisset,

495 2998 759 3052 definivit.

644 3072 719 3126 Et
774 3071 890 3142 ipse
930 3070 1170 3141 Vigilius
1228 3071 1416 3138 postea
1470 3066 1790 3120 retractavit
1846 3068 1902 3118 et
1958 3064 2178 3118 irritum
2225 3061 2537 3125 declaravit,

498 3146 760 3215 quidquid
801 3147 942 3199 circa
979 3143 1430 3214 adprobationem
1468 3141 1714 3211 epistolae
1752 3139 1861 3192 Ibae
1907 3139 1966 3191 in
2005 3138 2178 3208 primo
2221 3135 2536 3190 Constituto

497 3221 808 3283 definierat3
849 3224 904 3273 et
942 3219 1258 3289 praedictam
1295 3216 1579 3286 epistolam
1616 3215 1727 3268 Ibae
1751 3213 1986 3283 impiam,
2027 3211 2336 3276 haereticam
2361 3209 2537 3262 decla-

498 3294 657 3357 ravit,
698 3313 966 3363 quamque
1005 3291 1451 3346 Chalcedonensis
1490 3289 1728 3359 synodus
1754 3305 1853 3342 nec
1877 3286 2114 3356 suscepit
2146 3303 2244 3338 nec
2268 3284 2537 3353 suscipere

499 3367 784 3438 potuisset.
875 3367 1075 3433 (Mansi
1125 3372 1255 3421 tom.
1307 3364 1400 3419 IX.
1453 3383 1576 3435 pag.
1618 3363 1786 3434 457.).
1879 3361 1966 3414 En
2003 3360 2242 3431 Vigilius
2280 3357 2538 3412 Pontifex

500 3442 656 3496 Rom.
717 3441 908 3494 definit
964 3459 1026 3493 ex
1085 3441 1354 3504 cathedra,
1414 3439 1699 3509 epistolam
1754 3436 1864 3490 Ibae
1920 3436 2085 3489 fuisse
2147 3435 2447 3503 susceptam
2505 3450 2536 3483 a

504 3514 926 3571 Chalcedonensi
965 3516 1191 3583 syuodO,
1243 3519 1298 3570 et
1345 3514 1465 3567 ideo
1516 3531 1628 3566 esse
1667 3510 2022 3566 orthodoxam
2064 3513 2118 3562 et
2169 3511 2233 3562 ut
2267 3507 2432 3560 talem
2469 3505 2536 3557 ab

504 3590 754 3644 omnibus
810 3589 1124 3652 habendam,
1183 3589 1450 3643 damnatis
1490 3606 1554 3641 ex
1591 3586 1918 3640 auctoritate
1974 3581 2290 3653 apostolica,
2347 3579 2393 3634 si
2443 3578 2538 3648 qui

506 3665 817 3737 oppositum
853 3662 1163 3727 tenuerint3
1204 3667 1259 3718 et
1295 3667 1476 3718 tamen
1513 3659 1836 3718 oecumenica
1874 3659 2115 3730 synodus
2152 3654 2360 3721 definit,
2398 3652 2538 3708 hanc
