2722 4146
2170 283 2235 340 61

200 426 328 483 dum
365 426 740 499 Apostolicam
779 428 1106 484 sententiam
1131 430 1310 502 parati
1338 450 1521 487 sumus
1547 431 1617 487 ad
1639 431 2068 487 satisfactionem
2095 435 2242 487 omni

198 506 444 573 poscenti
482 523 580 557 nos
618 505 887 558 rationem
925 506 990 558 de
1029 525 1105 570 ea,
1147 525 1265 576 quae
1291 507 1349 559 in
1387 508 1544 561 nobis
1580 512 1661 562 est
1687 508 1808 573 fide,
1851 507 1977 577 quia
2000 508 2059 560 in
2085 509 2239 561 nullo

198 597 298 631 nos
337 597 367 630 a
407 578 608 631 sanctis
648 578 901 632 Patribus
943 580 1180 633 deviasse
1222 582 1626 651 cognovimus.»
1705 582 1944 635 Eandem
1994 582 2240 635 satisfac-

197 651 400 704 tionem
442 653 618 705 reddit
657 652 713 704 in
754 653 987 722 epistola
1026 655 1168 708 edita
1208 656 1273 707 ad
1314 656 1628 709 universum
1669 657 1934 726 populum
1972 656 2087 709 Dei.

345 726 466 795 lpse
506 726 560 780 S.
607 726 962 782 Columbanus
1003 729 1061 781 in
1101 730 1293 783 ultima
1333 729 1530 795 Scotia,
1582 731 1840 783 Romanae
1892 730 2003 783 sedi
2054 731 2238 783 addic—

195 800 404 853 tissima
454 801 725 864 educatuS,
780 821 898 854 cum
953 803 1187 856 venisset
1238 804 1295 856 in
1345 803 1560 856 Italiam
1611 809 1667 857 et
1717 809 1941 874 propter
1992 805 2239 874 quintam

194 875 461 942 synodum
502 893 532 926 a
571 875 725 927 Rom.
768 876 1124 930 Pontificibus
1163 879 1531 946 adprobatam,
1572 882 1685 931 tam
1709 880 2037 947 populorum
2078 899 2238 948 quam

195 949 486 1016 praesulum
539 949 710 1001 scindi
763 952 923 1003 corda
974 951 1212 1015 vidisset,
1265 952 1485 1020 scripsit
1536 953 1602 1004 ad
1642 952 1980 1005 Bonifacium
2018 953 2236 1022 Papam,

194 1041 348 1090 quem
388 1027 544 1076 vocat
584 1023 943 1076 Ecclesiarum
988 1030 1149 1094 caput
1207 1031 1261 1079 et
1317 1026 1604 1079 Pastorum
1660 1032 1957 1095 pastorem:
2018 1032 2071 1081 et
2127 1029 2236 1082 ait:

197 1096 401 1148 «Doleo
443 1097 506 1149 de
544 1098 768 1150 infamia
809 1099 1087 1152 Cathedrae
1128 1098 1179 1152 S.
1222 1100 1409 1154 Petri.
1454 1144 1464 1154 .
1509 1142 1519 1152 .
1560 1100 1636 1154 Ut
1670 1101 1877 1153 honore
1915 1100 2236 1170 Apostolico

192 1190 303 1223 non
344 1189 540 1234 careas,
602 1190 860 1225 conserva
918 1174 1077 1225 fidem
1135 1173 1523 1243 Apostolicam,
1586 1177 1844 1227 confirma
1903 1176 2234 1241 testimoniO,

191 1246 389 1297 robora
428 1246 649 1314 scriptO,
691 1248 843 1299 muni
883 1249 1088 1316 synodo
1131 1290 1142 1301 .
1187 1292 1197 1301 .
1243 1290 1253 1300 .
1298 1248 1467 1301 Causa
1494 1249 1796 1302 schismatis
1823 1250 2094 1302 incidatur
2122 1251 2237 1302 cul-

191 1320 323 1372 tello
346 1320 738 1388 quodammodo
762 1321 812 1374 S.
838 1322 1005 1385 Petri,
1048 1323 1081 1374 i.
1125 1341 1166 1376 e.
1209 1341 1335 1375 vera
1372 1325 1432 1375 in
1469 1324 1665 1391 synodo
1690 1323 1813 1375 fidei
1843 1324 2232 1376 confessione.»

198 1393 366 1446 «Ecce
422 1412 635 1446 causam
688 1397 877 1460 totiuS,
930 1402 990 1449 ut
1033 1399 1205 1466 ajunt,
1259 1397 1512 1460 scandali,
1567 1398 1612 1450 si
1651 1401 1706 1450 et
1743 1416 1839 1450 vos
1879 1397 1955 1450 sic
1992 1399 2236 1467 recipitis

192 1466 514 1533 (haereticOS,
555 1473 618 1522 ut
637 1470 853 1534 dicitur,
894 1474 988 1523 aut
1028 1472 1073 1523 si
1114 1476 1168 1524 et
1193 1471 1373 1540 ipsum
1399 1470 1666 1541 Vigilium
1694 1472 1842 1524 scitis
1870 1472 1946 1523 sic
1973 1471 2236 1526 infectum

189 1542 504 1595 defunctum
545 1543 727 1608 fuisse,
770 1563 933 1613 quare
972 1545 1130 1597 illum
1169 1549 1359 1598 contra
1408 1545 1791 1598 conscientiam
1828 1546 2070 1598 recitatis
2110 1587 2122 1599 .
2166 1588 2178 1599 .
2221 1588 2235 1600 .

189 1615 310 1667 Jam
352 1621 532 1669 vestra
573 1618 730 1687 culpa
769 1624 866 1682 est,
909 1619 1162 1672 deviastis
1203 1620 1266 1671 de
1305 1638 1431 1671 vera
1470 1619 1666 1672 fiducia
1705 1623 1759 1672 et
1798 1620 2027 1688 primam
2076 1621 2238 1674 fidem

187 1690 402 1742 irritam
442 1691 662 1744 fecistis,
741 1692 940 1746 Merito
981 1693 1149 1746 vestri
1181 1693 1425 1763 juniores
1464 1694 1615 1746 vobis
1655 1693 1920 1747 resistunt
1958 1698 2012 1747 et
2039 1695 2233 1748 merito

186 1765 463 1817 vobiscum
484 1785 597 1818 non
619 1767 1036 1831 communicant,
1058 1767 1229 1820 donec
1247 1768 1583 1836 perditorum
1602 1768 1861 1820 memoria
1881 1769 2124 1822 deleatur
2146 1811 2157 1822 .
2184 1813 2194 1823 .
2220 1810 2232 1822 .

187 1838 314 1890 Ideo
355 1843 409 1891 et
447 1841 616 1892 vestri
655 1845 816 1894 erunt
850 1842 1073 1910 judiceS,
1129 1843 1222 1912 qui
1280 1861 1488 1911 semper
1531 1843 1887 1896 orthodoxam
1926 1843 2085 1895 fidem
2123 1863 2236 1897 ser-

188 1917 469 1978 vaverunt,
493 1914 800 1984 quicunque
820 1916 901 1967 illi
925 1916 1145 1980 fuerint,
1169 1916 1379 1970 etiamsi
1394 1917 1639 1986 juniores
1663 1918 1829 1970 vestri
1853 1917 2139 1971 videantur
2155 1963 2165 1974 .
2188 1963 2199 1974 .
2218 1959 2230 1972 .

189 1985 339 2040 Sicut
359 2007 588 2057 magnus
628 1989 807 2042 honor
848 1995 1027 2043 vester
1067 1996 1149 2044 est
1188 2010 1288 2059 pro
1316 1992 1585 2062 dignitate
1613 1992 1895 2052 cathedrae,
1935 1992 2014 2045 ita
2037 2011 2234 2064 magna

192 2079 318 2114 cura
369 2063 521 2115 vobis
574 2065 871 2117 necessaria
923 2068 1020 2128 est,
1071 2070 1135 2118 ut
1173 2085 1286 2118 non
1324 2066 1566 2134 perdatis
1615 2070 1850 2119 vestram
1889 2066 2228 2136 dignitatem,

192 2140 415 2204 propter
454 2137 690 2206 aliquam
728 2139 1156 2207 perversitatem.
1235 2141 1461 2192 Tamdiu
1501 2140 1644 2192 enim
1683 2144 1926 2209 potestas
1965 2142 2108 2210 apud
2135 2161 2230 2194 vos

190 2210 311 2274 erit,
354 2212 606 2279 quamdiu
666 2218 812 2265 recta
868 2214 1010 2266 ratio
1050 2214 1436 2282 permanserit:
1496 2215 1589 2266 ille
1645 2215 1790 2266 enim
1849 2219 2026 2268 certus
2074 2217 2229 2286 regni

190 2285 446 2337 coelorum
485 2287 861 2339 clavicularius
901 2291 1000 2350 est,
1041 2288 1136 2356 qui
1174 2289 1354 2358 dignis
1393 2307 1487 2357 per
1527 2307 1706 2340 veram
1731 2289 2012 2341 scientiam
2037 2292 2227 2359 aperit,

191 2363 246 2412 et
294 2358 534 2429 indignis
587 2360 805 2414 claudit.
883 2360 1151 2431 Alioquin
1201 2363 1246 2414 si
1298 2362 1571 2416 contraria
1617 2363 1822 2427 fecerit,
1874 2382 1972 2416 nec
2021 2365 2230 2432 aperire

191 2451 290 2485 nec
329 2433 573 2486 claudere
613 2435 822 2503 poterit
863 2476 874 2487 .
918 2476 928 2487 .
972 2455 1019 2487 .>›
1063 2436 1260 2490 Postea
1285 2441 1469 2490 monet
1495 2437 1831 2501 Pontificem,
1872 2455 1938 2490 ne
1965 2456 2019 2491 se
2040 2440 2228 2507 jactet,

192 2507 237 2558 si
293 2506 559 2560 Dominus
617 2508 780 2562 Petro
838 2509 1076 2563 contulit
1134 2512 1306 2564 claves
1364 2511 1523 2581 regni
1578 2512 1852 2576 coelorum,
1897 2512 2072 2580 «quia,
2131 2513 2227 2576 ait,

191 2581 370 2634 unitas
429 2582 552 2634 fidei
609 2583 668 2635 in
726 2587 845 2637 toto
905 2585 1034 2636 orbe
1091 2585 1358 2638 unitatem
1414 2586 1545 2638 fecit
1581 2586 1872 2654 potestatis
1931 2591 1985 2639 et
2024 2605 2228 2655 praero-

189 2655 419 2725 gativae;
478 2656 557 2709 ita
607 2661 670 2710 ut
724 2657 948 2711 libertas
1007 2659 1227 2712 veritati
1281 2661 1346 2712 ab
1407 2659 1656 2713 omnibus
1716 2660 1914 2730 ubique
1972 2661 2128 2714 detur
2175 2666 2229 2714 et

189 2723 369 2782 aditus
408 2731 582 2784 errori
620 2733 683 2784 ab
713 2732 960 2785 omnibus
988 2733 1236 2786 similiter
1262 2735 1589 2804 abnegatur3
1632 2735 1759 2804 quia
1784 2735 2047 2788 confessio
2082 2739 2229 2788 recta

190 2804 353 2857 etiam
410 2809 597 2859 sancto
648 2806 995 2878 privilegium
1047 2808 1195 2861 dedit
1245 2809 1608 2872 claviculario,
1660 2809 1931 2862 communi
1989 2810 2228 2861 omnium

190 2876 406 2943 Nonno,
457 2878 619 2933 liceat
667 2880 830 2934 etiam
874 2882 1182 2951 junioribus
1232 2883 1428 2935 vestris
1468 2883 1763 2936 sollicitare
1819 2902 1915 2936 vos
1972 2902 2071 2951 pro
2112 2883 2225 2934 zelo

191 2952 331 3017 fidei,
370 2971 471 3021 pro
510 2973 691 3007 amore
730 2956 892 3024 pacis,
952 2975 1051 3025 pro
1091 2956 1345 3010 Ecclesiae
1384 2957 1594 3009 unitate
1634 2957 1929 3009 communis
1975 2957 2223 3010 Matris»

190 3026 275 3078 Ita
316 3025 696 3093 ColumbanuS,
748 3049 905 3098 quem
957 3031 1310 3084 concesserim
1358 3031 1564 3082 nullam
1615 3031 1677 3083 de
1730 3030 2049 3100 integritate
2099 3031 2226 3083 fidei

193 3099 347 3153 Rom.
405 3101 689 3156 Pontificis
746 3104 998 3158 habuisse
1057 3105 1431 3174 suspicionem,
1492 3104 1586 3172 qui
1643 3105 1702 3156 in
1758 3105 1939 3156 eadem
1997 3105 2227 3174 epistola

194 3173 353 3227 dicit:
416 3176 568 3246 «Ego
629 3179 767 3230 enim
820 3198 920 3247 pro
975 3180 1126 3232 vobis
1178 3179 1420 3248 promisi,
1481 3178 1624 3246 quod
1662 3178 1875 3230 nullum
1913 3179 2227 3233 haereticum

194 3247 414 3300 ecclesia
462 3250 704 3304 Romana
763 3253 1018 3306 defendat
1074 3257 1264 3306 contra
1323 3252 1643 3305 catholicam
1692 3253 1868 3317 fidem,
1927 3253 2070 3307 sicut
2117 3254 2225 3307 dis-

194 3321 402 3390 cipulos
458 3323 537 3376 ita
595 3325 746 3379 decet
803 3328 1020 3386 sentire⁴
1062 3327 1125 3379 de
1169 3326 1492 3397 Magistro.»
1582 3326 1666 3378 Ex
1723 3327 1918 3395 quibus
1976 3329 2224 3382 omnibus

194 3399 434 3463 apparet,
476 3415 636 3465 quam
673 3405 806 3453 tunc
843 3403 1092 3454 abessent
1142 3401 1301 3453 initio
1343 3399 1522 3452 saeculi
1573 3401 1791 3469 septimi
1830 3402 2013 3454 fideles
2060 3404 2126 3454 ab
2165 3421 2225 3454 ea

194 3470 479 3533 sententia,
520 3489 638 3539 quae
678 3473 832 3528 docet
870 3475 1029 3527 unius
1074 3474 1222 3527 Rom.
1264 3473 1547 3526 Pontificis
1586 3476 1924 3543 personalem
1962 3480 2016 3528 et
2048 3495 2079 3528 a
2103 3480 2222 3528 tota

195 3542 432 3595 Ecclesia
471 3544 917 3615 independentem
968 3549 1308 3600 infallibilem
1357 3549 1756 3614 auctoritatem,
1811 3550 1858 3602 si
1908 3569 2020 3602 non
2064 3550 2222 3601 modo

195 3618 377 3684 plures
416 3619 621 3687 populi,
662 3621 754 3673 sed
791 3627 845 3676 et
881 3623 1062 3692 plures
1102 3641 1166 3674 ex
1206 3621 1417 3687 Galliis,
1469 3621 1646 3686 Italia,
1697 3622 1901 3687 Africa,
1942 3623 2221 3687 Hibernia,

194 3690 358 3744 Istria
396 3692 655 3764 Episcopi
712 3713 1023 3767 persuasum
1082 3695 1368 3762 habebant,
1425 3695 1580 3750 Rom.
1627 3696 1922 3751 Pontifices
1981 3697 2222 3767 potuisse
