2612 4062
449 252 550 312 192

443 411 584 460 tens,
636 404 703 459 In
744 404 894 476 cujus
934 399 1315 474 probationem
1351 400 1578 460 adduxit
1615 401 1794 460 locum
1832 421 1897 458 ex
1935 398 2163 458 Joannis
2201 399 2295 458 XI.
2326 404 2394 469 27
2425 432 2492 444 --

445 481 606 534 verba
656 499 848 550 nempe
887 479 1162 543 Marthae,
1223 478 1419 548 quibus
1472 498 1527 534 se
1576 480 1634 532 in
1676 480 1952 533 Christum
2003 479 2215 532 credere
2253 479 2497 549 professa

446 555 546 621 sit,
599 555 743 624 quod
784 555 847 606 de
886 554 990 606 fide
1029 572 1186 607 sensu
1229 553 1508 607 Catholico
1547 560 1764 624 accepta
1802 572 2014 607 necesse
2053 558 2135 607 est
2172 553 2494 624 intelligere.

595 629 847 698 Optimus
873 632 1053 681 tamen
1073 627 1296 680 Praesul
1322 639 1434 680 non
1461 628 1844 682 animadvertit
1870 629 1925 680 in
1964 647 2081 680 mea
2121 628 2498 680 observatione

445 722 558 757 non
586 703 676 773 agi
704 703 767 755 de
802 721 929 755 vera
968 703 1092 754 fidei
1133 703 1561 771 supernaturalis
1600 707 1860 773 tanquam
1898 702 2123 756 virtutis
2162 702 2499 772 theologicae

445 781 642 831 natura
670 777 989 841 definienda,
1032 777 1122 830 sed
1150 781 1366 830 tantum
1399 777 1462 830 de
1502 777 1556 830 vi
1593 777 1741 830 vocis
1785 777 1982 830 «fides»
2026 776 2200 846 qualis
2241 776 2299 828 in
2338 775 2497 829 dictis

448 852 653 905 Christi
693 857 954 921 usurpata
994 870 1107 904 esse
1149 852 1506 905 consueverit.
1566 851 1649 903 Ex
1687 852 1888 922 viginti
1927 869 2119 904 novem
2159 851 2290 903 locis
2317 849 2498 902 Evan-

446 926 710 996 geliorum
759 926 816 977 in
868 925 1062 995 quibus
1122 944 1227 978 vox
1267 925 1374 979 ista
1417 926 1614 978 «fides»
1659 926 1926 990 occurrit,
1986 930 2049 979 ut
2087 924 2499 994 inspicientibus

450 1001 754 1053 Bibliorum
793 999 1117 1053 Latinorum
1171 1001 1614 1053 concordantiam
1653 1000 1809 1052 facile
1849 1000 2084 1068 patebit,
2137 999 2242 1051 duo
2283 1002 2500 1052 tantum

448 1079 603 1139 sunt,
645 1094 836 1145 nempe
874 1074 1072 1127 Matth.
1115 1074 1315 1126 XXIII.
1361 1079 1476 1138 23,
1519 1079 1572 1128 et
1613 1074 1790 1127 Lucae
1828 1073 2031 1126 XVIII.
2076 1077 2155 1137 8.,
2207 1073 2266 1124 in
2305 1072 2500 1141 quibus

449 1168 554 1203 vox
605 1151 711 1202 ista
771 1150 969 1202 «fides»
1021 1168 1123 1218 pro
1178 1149 1299 1201 fidei
1351 1149 1557 1202 virtute
1607 1148 1911 1219 theologica
1966 1149 2152 1200 forsan
2192 1146 2501 1216 accipienda

448 1224 537 1278 sit.
617 1223 843 1277 Caetera
883 1224 1062 1276 omnia
1119 1224 1238 1276 loca
1290 1242 1508 1276 sensum
1564 1223 1854 1275 «fiduciae»
1910 1241 2001 1275 seu
2055 1221 2501 1283 «confidentiae»,

450 1318 541 1352 seu
598 1299 756 1350 «fidei
807 1298 1260 1362 miraculorum»,
1315 1298 1644 1367 exprimunt.
1723 1297 1788 1350 In
1840 1296 2015 1349 Lucae
2054 1295 2226 1348 XXII.
2273 1300 2386 1358 32,
2440 1295 2503 1346 de

451 1392 558 1442 quo
609 1373 825 1443 agit-ur,
886 1373 1032 1425 hunc
1082 1391 1270 1425 verum
1320 1391 1432 1425 esse
1482 1390 1698 1425 sensum
1751 1375 2040 1424 consuetus
2099 1370 2245 1422 vocis
2284 1388 2409 1422 usus
2449 1372 2505 1420 et

451 1466 633 1500 rerum
683 1447 940 1517 adjuncta
990 1447 1123 1499 mihi
1174 1447 1394 1499 suadere
1442 1447 1766 1499 videbantur
1818 1449 1872 1498 et
1912 1445 2085 1498 adhuc
2125 1444 2408 1506 videntur;
2451 1447 2504 1495 et

451 1522 926 1575 Eminentissimus
968 1521 1190 1575 Praesul
1248 1521 1387 1574 nihil
1439 1521 1665 1574 adduxit
1715 1539 1822 1590 quo
1876 1520 1977 1572 hoc
2026 1537 2203 1571 meum
2241 1522 2504 1571 assertum

453 1597 778 1651 infirmetur.

1444 1816 1515 1870 ΙΙ.

604 1967 765 2022 Nunc
804 1966 1126 2038 progredior
1166 1966 1234 2019 ad
1274 1966 1613 2036 probandum
1646 1964 2143 2018 Eminentissimum
2183 1963 2506 2016 Dublinien-

456 2064 583 2109 sem,
627 2064 723 2097 sua
751 2042 1167 2114 argumentandi
1208 2042 1439 2105 ratione,
1480 2059 1691 2093 omnem
1731 2040 1838 2091 vim
1869 2058 2027 2108 quam
2055 2038 2258 2091 Christi
2297 2037 2503 2090 verbis:

460 2120 576 2172 «Tu
627 2137 681 2171 es
721 2118 916 2170 Petrus
968 2121 1133 2180 etc.,>›
1188 2117 1362 2168 inesse
1415 2115 1773 2167 communiter
1828 2118 2047 2166 censent
2099 2112 2374 2182 theologi,
2439 2111 2506 2162 iis

457 2194 761 2247 abstulisse.
840 2191 1316 2245 Eminentissimus
1369 2190 1593 2242 Praesul
1656 2193 1822 2259 negat
1880 2188 2186 2257 episcopos,
2252 2191 2508 2254 tanquam

456 2268 831 2338 apostolorum
870 2284 1234 2330 successores,
1289 2264 1647 2317 universalem
1687 2264 1744 2315 in
1784 2263 2022 2315 Ecclesia
2058 2261 2506 2331 jurisdictionem,

459 2362 617 2412 quam
658 2342 715 2395 hi
756 2361 786 2394 a
827 2341 1043 2394 Christo
1084 2343 1428 2409 acceperant,
1481 2339 1705 2400 habere3
1748 2337 1891 2407 quod
1930 2337 2143 2406 quidem
2184 2353 2370 2388 verum
2409 2338 2506 2396 est,

459 2418 506 2470 si
533 2418 596 2470 de
623 2416 854 2486 singulis
894 2415 1158 2484 episcopis
1199 2418 1353 2467 extra
1380 2413 1678 2465 Concilium
1709 2411 1970 2464 Generale
2002 2411 2227 2473 dicatur,
2268 2410 2358 2462 sed
2396 2427 2509 2460 non

459 2496 542 2544 est
578 2509 780 2554 verum,
822 2490 865 2542 si
908 2490 972 2541 de
1013 2507 1236 2557 corpore
1258 2489 1651 2556 episcoporum,
1694 2487 1804 2539 sive
1844 2486 1902 2538 in
1926 2485 2165 2538 Concilio
2206 2484 2317 2536 sive
2357 2487 2510 2534 extra

461 2565 763 2619 Concilium
814 2563 1170 2632 intelligatur.
1251 2561 1307 2614 Si
1359 2565 1599 2630 potestas
1652 2579 1786 2628 quae
1826 2559 2087 2628 apostolis
2127 2559 2252 2611 data
2290 2561 2398 2620 est,
2452 2556 2508 2607 in

462 2640 715 2692 universo
764 2638 967 2690 mundo
1006 2636 1367 2706 Evangelium
1415 2634 1789 2702 praedicandi,
1843 2635 1909 2685 ad
1958 2634 2104 2702 ipsos
2155 2632 2230 2684 sit
2279 2630 2508 2683 restrin-

459 2714 660 2785 genda,
710 2712 954 2782 quamvis
1011 2729 1127 2762 eam
1178 2710 1244 2762 ad
1283 2710 1444 2760 finem
1483 2726 1651 2776 usque
1691 2707 2026 2759 saeculorum
2065 2707 2379 2758 duraturam
2418 2704 2510 2755 de-

464 2788 605 2841 derit
645 2787 921 2850 Christus,
973 2784 1195 2854 probari
1248 2783 1437 2853 nequit
1487 2781 1862 2851 privilegium,
1916 2781 2273 2849 quodcunque
2324 2778 2508 2841 fuerit,

462 2863 626 2916 Petro
667 2880 764 2931 per
804 2861 991 2913 verba:
1036 2859 1154 2912 «Tu
1193 2877 1248 2911 es
1288 2857 1482 2910 Petrus
1521 2860 1685 2920 etc.,>›
1729 2856 1929 2919 datum,
1970 2855 2036 2906 ad
2076 2872 2201 2906 suos
2241 2871 2510 2905 successo-

462 2956 565 3001 res,
606 2936 880 2989 Romanos
919 2952 1111 3003 nempe
1150 2932 1456 2994 PontificeS,
1505 2929 1854 2982 descendisse.
1933 2928 2192 2981 Probatio
2233 2927 2406 2997 igitur
2446 2944 2510 2978 ex

463 3011 641 3064 verbis
688 3008 954 3064 Matthaei
1002 3007 1150 3061 XVI.
1206 3011 1286 3060 18.
1353 3011 1429 3058 19.
1505 3005 1813 3072 desumpta,
1880 3003 2023 3055 cadit
2082 3020 2143 3054 eo
2194 3002 2313 3070 ipso
2367 3000 2509 3069 quod

465 3086 628 3138 verba
681 3083 886 3138 Christi
937 3083 994 3136 in
1047 3082 1283 3152 ejusdem
1321 3078 1702 3149 Evangelistae
1761 3078 1934 3147 capite
1974 3076 2229 3140 XXVIII,
2290 3080 2369 3129 18.
2423 3077 2508 3128 20.

465 3159 977 3228 interpretationem
1039 3157 1219 3210 minus
1281 3154 1572 3209 litteralem
1635 3151 1918 3220 accipiant.
1996 3151 2198 3221 Agitur
2256 3150 2398 3203 enim
2452 3148 2512 3200 in

466 3236 699 3302 utroque
737 3234 858 3286 loco
898 3232 963 3285 dc
1001 3235 1276 3301 potestate
1313 3229 1381 3282 ad
1421 3245 1631 3281 sacrum
1672 3226 2029 3278 ministerium
2067 3224 2403 3294 pertinente,
2457 3225 2514 3275 et

468 3325 580 3360 non
657 3307 722 3359 de
785 3307 967 3376 aliquo
1032 3306 1244 3358 divinae
1306 3321 1492 3356 eorum
1555 3300 1829 3354 missionis
1894 3301 2050 3370 signo
2075 3338 2087 3362 ,
2153 3300 2308 3368 quale
2365 3299 2514 3350 esset

468 3380 726 3432 miracula
762 3380 1045 3450 patrandi,
1086 3379 1289 3450 linguis
1329 3376 1613 3447 loquendi,
1651 3374 1860 3443 aliaque
1899 3374 2206 3444 hujusmodi
2243 3369 2513 3425 efficiendi

468 3454 714 3508 facultas
793 3454 905 3508 Aut
970 3473 1098 3524 ergo
1163 3457 1284 3508 tota
1345 3452 1440 3505 illa
1492 3448 1864 3502 ministerialis
1922 3453 2161 3517 potestas
2211 3447 2278 3499 ad
2327 3461 2511 3498 eorum

470 3545 801 3582 successores
853 3528 1103 3593 transiit,
1156 3533 1253 3582 aut
1302 3526 1481 3588 nulla;
1536 3523 1679 3594 quod
1729 3528 1872 3576 certe
1935 3522 2040 3575 dici
2102 3521 2307 3590 nequit.
2385 3517 2511 3571 Non

472 3621 572 3674 ego
623 3601 797 3673 igitur
850 3600 1123 3655 infirmavi
1178 3601 1555 3672 probationem
1606 3596 1878 3651 Primatus
1936 3614 2000 3648 ex
2049 3595 2224 3649 verbis
2292 3593 2410 3646 «Tu
2457 3607 2511 3644 es

474 3676 666 3734 Petrus
705 3679 861 3741 etc.,»
903 3693 1063 3745 quam
1089 3676 1343 3747 explicite
1379 3674 1606 3746 agnovi3
1645 3670 1738 3726 sed
1764 3670 2077 3725 Eminentia
2102 3668 2225 3734 Sua,
2265 3663 2510 3739 negando
