2612 4062
387 219 495 271 230

383 365 732 420 auctoritatis
790 382 916 417 suae
979 366 1179 417 natura
1243 365 1356 426 est,
1423 367 1487 418 ut
1551 367 1875 434 potestatem
1942 362 2214 419 Ecclesiae
2278 364 2436 419 istius

386 440 723 495 executivam
762 442 1032 501 exerceat3
1088 455 1309 500 munuS,
1365 441 1429 492 ut
1470 457 1737 492 canonum
1778 439 2150 492 observantiae
2187 438 2437 509 invigilet

386 520 452 570 et'
494 522 715 585 urgeat:
775 513 1063 566 Praeterea
1115 515 1197 566 est
1248 503 1445 566 Unitas
1487 513 1794 568 Catholicae
1850 516 2127 576 centrum3
2182 532 2438 583 magnum

387 590 522 645 illud
558 588 861 641 vinculum
918 586 1063 657 quod
1124 586 1383 656 Corporis
1436 587 1703 642 Catholici
1759 591 1940 658 partes
1999 588 2236 641 diversas
2296 588 2438 641 inter

387 684 443 719 se
480 663 662 718 unitas
702 666 884 716 tenet:
927 661 1016 714 Sic
1055 661 1119 714 fit
1159 664 1222 715 ut
1261 662 1465 732 singuli
1493 662 1759 717 Catholici
1798 662 1997 732 ubique
2024 662 2289 732 gentium,
2320 681 2440 716 cum

389 739 574 809 Capite
613 737 883 791 Ecclesiae
938 737 1138 790 unione
1185 737 1496 806 conjuncti,
1548 737 1722 792 sciant
1769 738 1931 791 etiam
1982 756 2095 790 sese
2149 755 2269 791 cum
2319 741 2439 794 toto

391 831 617 885 corpore
659 812 933 883 conjungi.

531 887 574 941 Ι.
617 887 786 940 Estne
824 885 1122 940 auctoritas
1160 885 1256 939 illa
1294 885 1361 938 ad
1402 885 1712 955 spiritualia
1751 889 1966 940 tantum
2004 885 2278 941 limitata?

535 961 600 1015 R.
650 961 738 1014 Ad
790 960 1096 1031 spiritualia
1144 963 1363 1014 tantum
1410 960 1675 1023 limitata,
1723 962 1880 1030 juxta
1930 961 2093 1014 verba
2145 959 2441 1016 Salvatoris

387 1035 586 1092 Nostri
631 1036 915 1106 «Regnum
954 1053 1132 1089 meum
1171 1053 1283 1088 non
1323 1039 1405 1088 est
1445 1035 1507 1087 de
1546 1035 1650 1088 hoc
1690 1035 1945 1088 mundo».

536 1110 579 1164 Ι.
622 1110 942 1165 Auctoritas
995 1110 1089 1163 illa
1140 1109 1461 1163 auctoritati
1501 1110 1854 1164 conciliorum
1894 1128 2033 1163 anne
2073 1111 2288 1164 subdita
2328 1110 2437 1164 sit?

538 1185 601 1240 R.
644 1186 758 1239 Ista
807 1185 1107 1240 auctoritas
1161 1184 1518 1237 conciliorum
1558 1189 1613 1239 et
1652 1185 1922 1238 Ecclesiae
1962 1186 2258 1238 canonibus
2299 1185 2442 1238 limi-

389 1264 558 1315 tatur.
649 1261 749 1314 Ille
816 1259 1116 1330 (Pontifex)
1183 1263 1264 1312 est
1328 1260 1627 1313 auctoritas
1687 1259 1956 1312 Ecclesiae
2016 1260 2328 1322 executiva;
2395 1260 2442 1313 ei

390 1354 660 1406 praeesse,
717 1337 936 1405 ejusque
986 1335 1132 1405 leges
1183 1338 1237 1388 et
1279 1333 1520 1388 Canones
1571 1353 1764 1405 urgere
1805 1334 2120 1388 constituta.
2202 1333 2442 1388 Canones

389 1411 483 1465 isti
522 1410 819 1463 individuis
862 1409 1174 1479 (personis),
1217 1409 1502 1478 episcopis,
1544 1409 1695 1462 verbi
1719 1409 1914 1480 gratia,
1958 1413 2102 1463 certa
2142 1409 2274 1463 dant
2301 1411 2442 1479 jura,

393 1503 528 1556 quae
568 1485 824 1539 Pontifex
866 1502 1106 1548 servare,
1148 1502 1262 1536 non
1300 1484 1532 1549 violare,
1575 1484 1761 1537 debet:
1816 1483 2134 1538 Auctoritas
2174 1486 2286 1553 ejus
2326 1484 2444 1537 istis

391 1561 688 1613 canonibus
729 1560 806 1613 sic
843 1560 1078 1612 limitata
1118 1562 1214 1611 est.

539 1634 582 1688 I.
626 1635 916 1705 Quousque
967 1638 1022 1688 et
1074 1634 1130 1686 in
1179 1652 1285 1703 quo
1339 1633 1526 1700 mod0,
1582 1633 1798 1688 obedire
1836 1632 2094 1687 Pontifici
2149 1633 2440 1702 profitetur

395 1708 705 1764 Catholicus
745 1710 845 1762 vir.

541 1784 604 1837 R.
647 1784 714 1837 In
752 1785 912 1837 rebus
952 1781 1334 1837 tantummodo
1375 1782 1780 1851 spiritualibus3
1821 1786 1916 1836 aut
1955 1782 2013 1835 in
2053 1783 2214 1835 rebus
2241 1781 2442 1844 mixtiS,

394 1878 529 1929 quae
575 1859 641 1911 ad
694 1861 807 1929 ejus
858 1858 1310 1930 gubernationem
1361 1857 1668 1928 pertinent,
1724 1858 1879 1927 quale
1920 1861 2001 1910 est
2039 1856 2445 1910 matrimonium

395 1934 538 2004 quod
577 1953 676 2003 pro
718 1936 1053 1986 sacramento
1093 1950 1259 2002 aeque
1299 1951 1360 1986 ac
1401 1936 1688 1986 contractu
1728 1932 1874 1985 civili
1912 1931 2195 1984 habemus:
2237 1930 2444 1999 Utpote

394 2012 791 2062 sacramentum
839 2012 921 2062 est
973 2026 1058 2060 res
1100 2007 1429 2076 spiritualis,
1484 2012 1538 2060 et
1585 2007 1651 2060 ad
1691 2006 1973 2060 Pontificis
2007 2006 2443 2076 jurisdictionem

393 2083 709 2153 pertinens;
769 2082 1150 2136 auctoritatem
1210 2082 1424 2151 quidem
1476 2081 1535 2134 in
1587 2099 1647 2134 eo
1705 2081 1847 2150 quod
1898 2081 1963 2132 ad
2022 2084 2231 2149 partem
2288 2079 2446 2132 istius

394 2158 734 2228 spiritualem
774 2157 1041 2227 pertinet,
1082 2157 1272 2210 habet:
1328 2157 1420 2209 sed
1460 2156 1566 2210 ista
1605 2155 1904 2210 auctoritas
1938 2157 2063 2225 jura
2104 2154 2284 2208 civilia
2322 2172 2447 2223 par-

394 2234 533 2287 tium
575 2232 1013 2286 contrahentium
1052 2251 1163 2285 non
1204 2232 1401 2303 tangit.

543 2307 585 2361 Ι.
630 2306 951 2362 Obedientia
996 2307 1090 2359 illa
1141 2325 1281 2361 anne
1333 2306 1570 2361 detrahit
1621 2305 1834 2358 muneri
1874 2324 1904 2358 a
1946 2304 2224 2359 Catholico
2266 2303 2446 2357 debito

401 2382 700 2445 GuberniO,
743 2384 840 2435 sub
882 2400 987 2452 quo
1026 2381 1199 2434 vivit?

546 2457 610 2511 R.
652 2456 902 2511 Minime:
945 2456 1301 2511 auctoritates
1340 2455 1478 2509 istae
1518 2458 1647 2508 sunt
1688 2454 1909 2508 omnino
1950 2454 2254 2507 distinctae.

545 2531 587 2585 I.
627 2531 788 2584 Anne
827 2533 1007 2585 locum
1047 2531 1141 2584 dat
1182 2530 1477 2599 objectioni
1517 2548 1652 2598 quae
1680 2528 1973 2583 Catholicis
2002 2528 2116 2581 fieri
2148 2527 2446 2589 consuevit,

399 2625 585 2663 eorum
622 2606 921 2660 lealitatem
960 2605 1188 2658 divisam
1227 2606 1378 2657 esse?

546 2681 611 2735 R.
654 2681 857 2735 Eorum
898 2680 1135 2743 lealitas,
1180 2679 1398 2744 (munus
1439 2677 1755 2731 fidelitatem
1798 2675 2075 2730 Gubernio
2118 2674 2446 2746 praestandi)

400 2758 457 2812 in
497 2757 658 2810 rebus
699 2756 949 2810 civilibus
990 2757 1072 2808 est
1113 2754 1334 2808 omnino
1375 2753 1621 2806 indivisa.
2192 2801 2194 2804 .

508 2828 593 2885 ·Ι.
635 2830 795 2886 Anne
847 2829 1129 2884 obediendi
1185 2847 1380 2881 munus
1433 2828 1577 2898 quod
1625 2825 1888 2880 Catholici
1930 2824 2183 2878 Pontifici
2234 2825 2447 2887 debent,

402 2911 457 2961 et
514 2906 797 2960 obediendi
859 2923 1056 2958 munus
1115 2904 1259 2974 quod
1316 2903 1483 2974 Regi,
1514 2902 1735 2966 debent,
1794 2919 1852 2954 re
1906 2903 1959 2954 et
2017 2899 2449 2954 substantialiter

403 2981 660 3035 distincta
699 2982 863 3034 sunt?

553 3056 618 3108 R.
662 3054 898 3109 Omnino
938 3053 1210 3108 distincta.

551 3130 594 3182 Ι.
636 3130 924 3200 Quousque
963 3128 1193 3182 assertio
1233 3125 1524 3197 potestatis
1575 3123 1892 3195 temporalis
1944 3142 2104 3192 quam
2142 3123 2243 3176 sibi
2276 3122 2450 3174 vindi-

408 3204 651 3258 caverint
690 3204 944 3258 nonnulli
984 3202 1294 3265 PontificeS,
1335 3199 1648 3270 Scripturae
1687 3203 1742 3252 et
1783 3198 2067 3251 traditioni
2107 3196 2446 3267 opponitur?

557 3277 619 3331 R.
663 3278 728 3331 In
757 3282 1022 3348 quantum
1061 3277 1296 3331 exercita
1335 3275 1501 3329 fuerit
1530 3279 1786 3344 tanquam
1812 3292 1842 3325 a
1863 3274 1986 3342 jure
2014 3273 2117 3327 sibi
2147 3271 2448 3339 (Pontifici)

409 3371 441 3406 a
478 3351 592 3406 Deo
646 3370 894 3406 concesso
947 3353 1215 3416 derivata,
1267 3349 1401 3403 mihi
1452 3350 1663 3403 videtur
1705 3346 2017 3417 Scripturae
2068 3351 2123 3400 et
2160 3344 2450 3399 traditioni

411 3426 713 3488 contraria3
769 3427 827 3478 in
867 3431 1132 3496 quantum
1171 3430 1351 3480 autem
1391 3425 1625 3478 exercita
1662 3422 1857 3486 fuerit,
1909 3422 1963 3474 vi
1995 3421 2137 3491 juris
2176 3419 2282 3488 ipsi
2321 3437 2450 3472 con-

412 3500 547 3555 cessi
596 3519 627 3553 a
672 3499 919 3570 pluribus
958 3501 1197 3572 Regibus
1238 3498 1592 3563 Christianis,
1647 3496 1740 3567 qui
1784 3515 1904 3549 eum
1957 3496 2088 3548 olim
2135 3497 2197 3547 ut
2236 3493 2452 3547 Patrem

412 3575 674 3647 Magnum
713 3572 1139 3629 Christianitatis
1179 3572 1543 3644 respexerint,
1603 3571 1696 3643 qui
1753 3589 1871 3624 eum
1930 3571 2196 3625 arbitrum
2235 3584 2451 3622 suarum

413 3669 596 3707 rerum
645 3648 939 3722 elegerint3
992 3666 1057 3704 ex
1105 3650 1299 3721 quibus
1351 3647 1608 3704 nonnulli
1642 3663 1811 3718 regna
1849 3663 1946 3701 sua
1984 3645 2068 3699 illi
2105 3641 2454 3715 subjecerint,
