2722 4146
2180 223 2246 272 21

213 369 600 440 praevalebunt.
653 365 788 430 Quia
827 384 919 418 seu
946 365 1091 419 dicas
1120 371 1312 422 contra
1339 367 1478 420 hanc
1506 365 1665 418 fidem
1693 383 1781 417 eas
1810 384 1921 418 non
1949 366 2258 435 praevalere,

212 463 306 498 seu
347 443 490 496 dicas
532 444 722 494 contra
763 440 1073 506 Ecclesiam,
1116 461 1233 512 quae
1271 442 1373 494 hac
1402 441 1504 493 fide
1531 459 1695 510 supra
1730 439 2005 493 Christum
2031 440 2260 494 fundata

213 522 294 571 est
334 522 388 570 et
428 518 695 579 firmatur,
737 533 902 567 unum
945 519 1044 579 est,
1086 535 1146 568 eo
1189 517 1333 586 quod
1359 534 1456 568 nec
1484 515 1893 567 fundamentum
1924 513 2256 579 dissolvitur,

214 612 309 646 nec
351 592 478 644 fides
519 589 643 643 talis
682 593 945 657 tantaque
983 590 1311 655 infirmatur,
1351 609 1449 643 nec
1487 587 1726 641 Ecclesia
1765 588 1909 642 inter
1949 589 2258 642 innumeras

211 685 466 720 aurarum
517 668 864 733 tempestates
917 683 1014 716 1100
1053 669 1340 718 ventorum
1394 663 1808 732 impulsionibus
1860 663 2254 715 subvertetur.»

216 742 320 794 «Et
371 739 686 802 notandum,
747 739 890 808 quod
947 743 1102 807 petra
1161 742 1378 792 tantum
1437 742 1518 790 est
1575 737 1942 806 unusquisque
2001 737 2256 802 fidelium,

213 818 476 885 quantum
517 813 763 866 imitator
791 819 872 866 est
901 812 1121 878 Christi,
1152 818 1205 866 et
1232 816 1448 866 tantum
1481 813 1591 875 lux,
1622 815 1887 880 quantum
1913 811 2258 864 illuminatur

212 911 241 942 a
281 891 414 942 luce.
494 887 574 940 Ac
616 907 707 956 per
747 888 850 941 hoc
891 891 1107 941 tantum
1147 888 1386 940 Ecclesia
1416 885 1619 938 Christi
1647 903 1806 953 super
1847 904 1936 938 eos
1975 885 2257 951 fundatur,

212 968 476 1033 quantum
515 966 569 1015 et
608 962 714 1031 ipsi
742 963 1030 1014 firmantur
1057 981 1087 1014 a
1116 962 1348 1014 Christo.
1426 960 1581 1012 Unde
1608 978 1721 1011 non
1749 978 1910 1027 super
1939 959 2256 1024 uno-Petro,

212 1057 397 1090 verum
425 1055 583 1105 super
614 1056 796 1089 omnes
819 1036 1116 1105 Apostolos
1139 1035 1637 1104 Apostolorumque
1664 1052 1994 1086 successores
2017 1034 2258 1087 Ecclesia

212 1113 310 1165 Dei
369 1112 663 1164 aedificatur
719 1153 730 1164 .
774 1153 784 1164 .
830 1153 840 1164 .
895 1111 1037 1163 unde
1088 1110 1289 1163 David:
1360 1109 1710 1161 fundamenta
1760 1110 1890 1176 ejus,
1942 1107 2140 1176 inquit,
2199 1108 2258 1161 in

212 1187 486 1240 montibus
545 1187 764 1239 sanctis
864 1185 966 1238 Sed
1024 1186 1132 1255 ipsi
1190 1187 1401 1236 montes
1462 1202 1623 1252 super
1682 1185 1923 1234 montem
1982 1181 2257 1235 Christum

212 1262 547 1314 :edificantur
587 1261 756 1329 prius.
837 1260 912 1312 Et
951 1261 1048 1312 tibi
1101 1260 1234 1312 dabo
1286 1259 1456 1312 claves
1497 1299 1507 1309 .
1553 1302 1562 1312 .
1608 1300 1617 1309 .
1662 1262 1710 1309 et
1749 1257 2081 1324 quodamque
2121 1257 2256 1323 ἱέρα-

215 1338 349 1388 veris
390 1378 400 1388 .
447 1380 456 1389 .
502 1376 512 1386 .
581 1335 770 1397 Quaeso
842 1335 1210 1403 unusquisque
1282 1331 1748 1386 circumstantium
1817 1331 2042 1383 lectioni
2096 1331 2256 1399 hujus

209 1411 499 1480 diligenter
539 1411 806 1472 intendat,
846 1409 1074 1461 maxime
1114 1413 1292 1461 tamen
1333 1406 1604 1475 Episcopi,
1646 1405 1840 1475 quibus
1879 1405 2095 1457 videtur
2138 1424 2257 1457 cum

212 1486 374 1538 Petro
416 1489 469 1538 et
510 1503 630 1536 cum
658 1485 905 1536 omnibus
933 1483 1216 1552 Apostolis
1243 1483 1357 1534 haec
1384 1484 1624 1549 potestas
1652 1479 1938 1548 specialius
1964 1499 1994 1531 a
2022 1479 2256 1532 Domino

208 1561 492 1622 attributa,
551 1559 679 1611 licet
720 1564 774 1611 et
813 1558 959 1611 omni
1001 1557 1253 1610 Ecclesiae
1294 1556 1474 1608 eadem
1533 1555 1606 1606 sit
1664 1572 1940 1615 concessa3
2001 1553 2258 1623 quoniam

210 1635 302 1703 qui
343 1635 482 1686 hanc
533 1634 637 1685 sibi
697 1633 815 1685 vult
871 1633 1144 1684 vindicare
1184 1631 1434 1701 gratiam,
1485 1628 1642 1680 debet
1692 1627 2069 1680 infirmitatem
2107 1626 2257 1680 Petri

209 1710 266 1760 in
309 1713 462 1777 petra
501 1713 684 1760 tenere
711 1707 974 1775 fidemque
1001 1706 1242 1758 moribus
1272 1710 1326 1757 et
1355 1722 1486 1756 voce
1513 1701 1822 1771 praedicare,
1864 1702 2054 1754 deinde
2084 1702 2257 1754 claves

208 1784 380 1853 regni,
424 1802 555 1852 quas
597 1781 708 1833 dixi
748 1782 943 1833 habere
999 1781 1207 1832 easdem
1250 1779 1425 1832 claves
1476 1796 1589 1829 non
1629 1796 1658 1828 a
1699 1795 1768 1839 se,
1823 1776 1914 1828 sed
1955 1796 1985 1828 a
2024 1775 2256 1828 Domino

208 1862 262 1910 et
302 1877 397 1926 per
437 1856 747 1918 Dominum,
791 1855 943 1924 quasi
973 1855 1201 1908 coelestis
1237 1853 1445 1923 janitor
1486 1850 1808 1904 custodire.»

357 1930 412 1984 S.
471 1931 774 1998 Cyprianus
827 1949 908 1998 ep.
969 1930 1034 1982 ad
1075 1928 1402 1981 Jubaianum
1461 1927 1685 1978 fratrem
1746 1943 1861 1993 cap.
1903 1923 2059 1976 VIL:
2119 1922 2258 1976 Nam

215 2006 370 2059 Petro
406 2006 640 2075 primum
681 2005 961 2067 Dominus,
1005 2022 1164 2072 super
1205 2021 1362 2071 quem
1403 1999 1689 2053 aedificavit
1716 1998 2006 2051 Ecclesiam
2038 2002 2091 2052 et
2120 2000 2259 2052 unde

211 2081 436 2133 unitatis
489 2080 756 2149 originem
805 2079 1049 2131 instituit
1102 2082 1157 2131 et-
1207 2075 1462 2138 ostendit,
1504 2077 1830 2143 potestatem
1880 2073 2040 2125 istam
2091 2073 2255 2137 dedit,

211 2159 270 2207 ut
310 2155 360 2206 id
405 2155 706 2206 solveretur
746 2154 802 2205 in
843 2153 1006 2214 coelis,
1050 2152 1193 2220 quod
1233 2151 1324 2202 ille
1365 2149 1614 2202 solvisset
1655 2148 1712 2199 in
1761 2147 1938 2200 terris.
2018 2147 2090 2200 Et
2131 2152 2255 2216 post

208 2229 656 2281 resurrectionem
697 2245 910 2296 quoque
951 2227 1018 2278 ad
1057 2225 1354 2294 Apostolos
1394 2222 1638 2291 loquitur
1679 2221 1888 2283 dicens:
1930 2222 2071 2274 sicut
2108 2223 2256 2275 misit

211 2322 290 2355 ‘mc
331 2304 517 2366 Pater,
561 2307 608 2354 et
648 2320 738 2369 eyo
777 2303 925 2353 mitto
977 2318 1097 2352 vos:
1149 2300 1372 2365 aecipite
1429 2296 1697 2363 Spiritmn
1744 2300 1985 2347 sanctum
2035 2314 2253 2363 quorum

207 2378 523 2430 remiseritis
567 2418 576 2427 .
621 2417 630 2427 .
679 2417 689 2427 .
730 2375 885 2427 Unde
924 2374 1280 2443 intelligimus
1309 2391 1420 2424 non
1459 2370 1565 2423 nisi
1590 2369 1647 2421 in
1675 2369 1914 2422 Ecclesia
1942 2370 2251 2439 praepositis

208 2451 356 2504 etin
395 2450 722 2518 Evangelica
781 2449 897 2519 lege
955 2468 1016 2501 ac
1054 2447 1338 2500 Dominica
1396 2444 1735 2498 ordinatione
1791 2443 2032 2496 fundatis
2091 2444 2251 2497 licere

207 2525 478 2594 baptizare
516 2529 569 2577 et
609 2524 980 2576 remissionem
1018 2526 1363 2591 peccatorum
1400 2520 1579 2572 dare.»

355 2599 448 2651 Ivo
493 2597 831 2651 Caruotensis
870 2597 1172 2666 Episcopus
1233 2594 1317 2662 (de
1376 2593 1622 2646 Primatu
1679 2592 1834 2645 Rom.
1889 2592 2085 2662 Eccl.):
2151 2593 2244 2645 «In

205 2693 345 2726 novo
405 2676 725 2726 testamento
785 2675 910 2740 post
952 2671 1228 2723 Christum
1266 2669 1559 2721 Dominum
1599 2687 1629 2718 a
1678 2666 1840 2720 Petro
1903 2668 2249 2721 sacerdotalis

205 2748 366 2816 coepit
407 2747 555 2809 ordO,
599 2747 724 2815 quia
764 2746 869 2814 ipsi
909 2746 1084 2814 primo
1107 2744 1467 2797 Pontificatus
1507 2742 1560 2794 in
1591 2741 1830 2794 Ecclesia
1858 2741 2062 2793 Christi
2090 2742 2246 2794 datus

205 2826 304 2883 est,
348 2822 557 2874 dicente
597 2821 832 2874 Domino
873 2821 938 2872 ad
980 2837 1130 2871 eum:
1178 2818 1226 2870 T
1224 2837 1259 2870 u
1299 2835 1352 2871 es
1390 2817 1585 2869 Petrus
1614 2858 1624 2868 .
1656 2858 1666 2867 .
1698 2857 1708 2868 .
1751 2815 1854 2867 Hic
1880 2834 2007 2884 ergo
2036 2815 2244 2885 ligandi

202 2896 549 2964 solvendique
588 2899 918 2964 potestatem
958 2894 1164 2963 primus
1206 2892 1411 2960 accepit
1451 2911 1481 2942 a
1520 2890 1771 2953 Domino,
1824 2889 2137 2958 primusque
2176 2890 2242 2942 ad

202 2970 358 3022 fidem
397 2970 660 3038 populum
700 2970 904 3022 virtute
955 2987 1062 3021 suae
1116 2965 1515 3036 praedicationis
1563 2964 1801 3017 adduxit.
1882 2962 2075 3016 Caeteri
2114 2981 2240 3015 vcro

202 3043 455 3112 Apostoli
496 3063 615 3096 cum
654 3043 834 3096 00(10111
876 3044 994 3112 pari
1035 3041 1309 3095 consortio
1365 3041 1627 3092 honorem
1682 3042 1736 3090 et
1793 3041 2118 3106 potestatem
2157 3056 2240 3089 ac-

202 3123 473 3186 ceperunt.
551 3118 841 3187 Ipsumque
880 3117 1182 3186 principem
1220 3134 1406 3168 eorum
1445 3132 1557 3166 esse
1597 3113 1904 3175 voluerunt,
1947 3111 2039 3180 qui
2079 3111 2239 3164 etiam

195 3192 418 3260 jubente
457 3192 690 3245 Domino
731 3193 790 3244 in
827 3197 948 3245 toto
1006 3192 1133 3243 orbe
1183 3194 1453 3242 terrarum
1505 3185 1731 3255 dispersi
1790 3186 2236 3255 praedicaverunt.

201 3266 340 3334 Ipsis
368 3285 578 3335 quoque
600 3267 994 3329 decedentibus,
1036 3265 1091 3316 in
1115 3265 1234 3317 loco
1257 3282 1441 3316 eorum
1470 3264 1826 3313 surrexerunt
1853 3260 2110 3329 Episcopi
2140 3302 2150 3312 .
2183 3302 2193 3313 .
2224 3302 2235 3312 .

200 3340 341 3402 Quos
383 3341 474 3408 qui
511 3342 705 3410 recipit
756 3345 811 3394 et
859 3341 1020 3392 verba
1071 3357 1269 3401 eorum,
1329 3336 1620 3388 Dominum
1659 3335 1881 3403 recipit3
1924 3334 2017 3402 qui
2055 3338 2236 3387 autem

200 3414 409 3482 spernit
448 3433 554 3478 000,
596 3434 731 3479 011111,
773 3434 804 3467 a
843 3434 949 3484 quo
989 3413 1138 3466 missi
1176 3415 1305 3464 sunt
1346 3415 1399 3463 et
1427 3411 1577 3479 cujus
1603 3410 1912 3479 funguntur
1948 3408 2232 3479 legatione,

198 3488 423 3556 spernit.
502 3488 650 3542 Petri
690 3489 837 3542 sedes
889 3493 968 3541 est
1022 3486 1225 3540 coelesti
1279 3484 1534 3537 beneficio
1574 3484 1730 3536 Rom.
1783 3483 2020 3545 ecclesia,
2074 3500 2232 3549 quam

198 3562 389 3615 Petrus
448 3566 502 3614 et
539 3562 738 3616 Paulus
798 3583 894 3616 suo
954 3561 1216 3630 martyrio
1278 3561 1678 3611 consecrarunt.
1775 3557 1938 3609 Dedit
1997 3555 2139 3607 enim
2178 3558 2231 3608 et

197 3636 351 3695 nobis
394 3636 698 3713 (Episcopis
721 3637 990 3712 Christus)
1032 3637 1372 3711 potestatem,
1413 3632 1562 3689 dedit
1585 3636 1639 3685 et
1664 3630 2030 3707 principatum
2056 3629 2228 3687 multo
