2722 4146
421 258 492 310 24

421 406 562 458 hanc
602 401 974 473 (potestatem)
1014 400 1208 454 Petrus
1248 400 1498 469 suscepit.
1578 399 1702 452 Ideo
1749 399 1809 453 in
1846 400 2218 454 haereditatem
2257 419 2465 470 posses-

422 478 559 532 soris
598 478 701 531 iste
741 477 990 530 succedit.
1069 473 1196 527 Non
1234 473 1406 544 igitur
1445 473 1640 528 Petrus
1667 474 1864 544 accipit
1889 475 2013 528 illas
2041 475 2215 528 claves
2243 478 2466 544 propter

423 571 577 606 suum
634 552 892 605 meritum
948 548 1261 618 personale,
1331 566 1428 602 nec
1486 553 1620 603 tunc
1685 567 1971 618 personam
2029 552 2143 618 ejus
2202 549 2466 602 Dominus

422 627 678 690 attendit,
720 626 810 679 sed
850 627 908 678 in
947 643 1055 676 una
1094 641 1269 676 massa
1308 626 1501 689 totam,
1563 627 1769 693 quanto
1828 624 2000 696 magis
2052 642 2165 677 non
2214 623 2467 678 meritum

424 702 591 763 Petri,
634 700 723 753 sed
764 719 862 752 nec
900 698 1281 767 suppositum?

569 774 723 828 Unde
782 791 1027 826 sermone
1094 777 1209 826 115.
1269 771 1448 825 tertiae
1487 772 1660 841 partis
1719 791 2041 838 sermonum,
2102 774 2195 843 qui
2247 771 2466 842 incipit:

423 850 596 903 Istum
634 849 777 901 vobis
817 849 957 900 diem
995 846 1363 915 Auyustinus:

575 923 874 975 «Dominus
914 920 1070 975 Jesus
1110 921 1406 990 discipulos
1446 939 1571 974 suos
1597 925 1723 974 ante
1750 923 2069 991 passionem,
2111 922 2252 974 sicut
2278 922 2468 984 nostiS,

423 998 603 1067 elegit,
627 1016 761 1066 quos
782 996 1079 1066 Apostolos
1105 996 1421 1049 nominavit.
1482 995 1634 1048 Inter
1661 997 1761 1049 hos
1782 996 1976 1050 Petrus
2003 996 2149 1049 solus
2171 996 2344 1049 totius
2366 996 2470 1048 Ec-

425 1072 599 1126 clesiae
639 1071 837 1124 meruit
875 1075 1088 1141 gestare
1127 1089 1428 1140 personam,
1484 1075 1708 1139 propter
1749 1071 1921 1140 ipsam
1961 1089 2261 1140 personam,
2312 1089 2470 1139 quam

424 1147 594 1200 totius
631 1145 885 1199 Ecclesiae
925 1145 1072 1197 solus
1112 1146 1378 1215 gestabat,
1401 1144 1587 1197 audire
1637 1146 1863 1198 meruit:
1891 1145 2013 1198 Tibi
2035 1146 2167 1198 dabo
2190 1145 2358 1199 claves
2381 1189 2392 1201 .
2420 1185 2431 1198 .
2458 1185 2470 1196 .

426 1221 537 1274 Has
578 1220 752 1273 claves
792 1239 904 1273 non
945 1239 1083 1272 unus
1124 1220 1305 1281 hom0,
1348 1219 1438 1271 sed
1480 1219 1662 1272 unitas
1702 1220 1907 1288 accepit
1947 1219 2215 1273 Ecclesiae.

572 1294 716 1347 Hinc
774 1313 903 1365 ergo
963 1293 1114 1346 Petri
1182 1293 1502 1346 excellentia
1567 1294 1922 1362 praedicatur,
1991 1294 2117 1363 quia
2182 1294 2352 1362 ipsius
2418 1297 2472 1346 et

426 1369 798 1422 universitatis
839 1373 892 1422 et
932 1368 1161 1421 unitatis
1189 1368 1441 1420 Ecclesiae
1469 1369 1698 1438 figuram
1724 1368 1908 1439 gessit,
1951 1369 2166 1437 quando
2195 1367 2242 1419 ei
2270 1368 2472 1419 dictum

427 1448 535 1497 est:
597 1444 695 1496 tibi
747 1443 905 1496 dabo:
966 1443 1092 1511 quia
1145 1443 1394 1495 omnibus
1434 1443 1701 1495 traditum
1740 1447 1836 1496 est.
1916 1442 2057 1495 Nam
2095 1446 2157 1496 ut
2209 1441 2472 1494 noveritis

426 1519 721 1571 Ecclesiam
760 1518 1022 1587 accepisse
1062 1518 1237 1570 claves
1275 1517 1432 1587 regni
1483 1517 1756 1581 coelorum,
1817 1518 1998 1570 audite
2056 1518 2115 1570 in
2165 1517 2272 1569 alio
2333 1517 2470 1578 loce,

427 1593 555 1663 quid
595 1593 861 1645 Dominus
902 1593 1048 1645 dicat
1087 1591 1370 1661 Apostolis
1411 1592 1550 1644 suis:
1611 1591 1856 1658 Accipite
1911 1591 2179 1659 Spiritum
2231 1595 2472 1644 sanctum

428 1672 482 1721 et
523 1667 812 1720 continuo:
854 1670 904 1720 si
944 1669 1098 1734 cujus
1137 1667 1456 1720 (Zimiseritis
1490 1672 1725 1732 peccata,
1768 1668 2105 1720 dimittentur
2144 1667 2207 1731 ei,
2249 1667 2297 1718 si
2323 1666 2474 1732 cujus

430 1743 720 1806 tenzceritiS,
763 1742 1089 1794 tenebuntur.
1168 1740 1287 1793 Hoc
1326 1741 1392 1793 ad
1433 1741 1606 1794 claves
1646 1741 1902 1810 pertinet,
1945 1742 2008 1793 de
2049 1741 2243 1810 quibus
2270 1740 2471 1792 dictum

430 1821 525 1880 est,
568 1834 701 1884 quae
739 1817 1004 1870 solveritis
1042 1818 1100 1869 in
1140 1821 1284 1869 terra
1325 1857 1336 1868 .
1383 1858 1392 1867 .
1439 1857 1450 1868 .
1505 1814 1607 1868 Sed
1659 1816 1762 1868 hoc
1813 1816 1946 1869 dicit
1987 1816 2167 1878 Petro,
2218 1819 2278 1868 ut
2318 1814 2472 1875 sciaS,

430 1892 556 1960 quia
597 1890 790 1944 Petrus
833 1892 1100 1944 universae
1153 1891 1404 1943 Ecclesiae
1455 1894 1589 1943 tunc
1636 1909 1922 1959 personam
1971 1891 2207 1960 gerebat.
2253 1931 2263 1941 .
2307 1930 2318 1940 .
2373 1887 2474 1940 Sed

430 1966 560 2018 fides
601 1965 855 2018 Ecclesiae
894 1985 1155 2018 resonans
1194 1983 1289 2034 per
1331 1984 1389 2017 os
1411 1964 1564 2017 Petri
1602 1970 1656 2018 et
1694 1965 1751 2017 in
1792 1964 1891 2018 hac
1931 1965 2034 2017 fide
2073 1964 2240 2028 Petri,
2268 1981 2474 2015 recom-

431 2040 803 2109 pensationem
861 2040 1060 2109 accipit
1112 2039 1447 2093 Universalis
1507 2039 1743 2092 Ecclesia
1803 2040 2036 2092 clavium
2094 2042 2471 2108 potestatem.»

429 2116 602 2169 Istum
640 2114 928 2168 Valdensis
960 2115 1162 2167 librum
1202 2113 1474 2167 Martinus
1514 2113 1579 2167 V.
1622 2133 1715 2183 per
1758 2114 1945 2167 literas
1985 2113 2326 2183 approbavit.

581 2188 925 2243 Christianus
963 2188 1333 2243 Drutle-marus
1392 2188 1730 2257 Corbejensis
1790 2207 2045 2241 monacus
2103 2207 2188 2241 an.
2232 2191 2356 2249 840,
2418 2187 2474 2238 111

431 2263 627 2317 Matth.
670 2263 815 2317 XVI.
860 2264 1088 2332 exposit.
1120 2283 1232 2332 cap.
1262 2262 1515 2316 XXXV.:
1561 2263 1950 2332 «Respondens
1985 2263 2180 2316 Petrus
2221 2262 2360 2314 dixit
2399 2261 2474 2313 ei:

432 2340 513 2391 Tu·
553 2357 606 2392 es
649 2337 899 2392 Christus
937 2338 1122 2392 Filius
1160 2338 1269 2391 Dei
1307 2339 1432 2391 vivi.
1508 2337 1702 2390 Petrus
1742 2338 2031 2407 respondet
2071 2356 2169 2406 pro
2211 2336 2475 2398 omnibus,

431 2413 557 2481 quia
597 2413 710 2482 ipse
745 2415 858 2481 jani
897 2413 954 2464 in
995 2418 1157 2481 caput
1197 2411 1591 2481 Apostolorum
1630 2417 1747 2466 erat
1795 2413 2140 2465 constitutus
2220 2411 2292 2464 Et
2333 2409 2477 2479 quod

433 2488 546 2555 ipse
586 2487 883 2555 respondit,
926 2487 1167 2539 omnium
1188 2486 1581 2554 Apostolorum
1621 2487 1902 2555 responsio
1944 2491 2042 2551 est,
2086 2486 2213 2555 quia
2253 2490 2307 2538 et
2332 2485 2479 2553 ipsos

435 2562 900 2630 interrogaverat:
972 2560 1075 2613 Vos
1115 2578 1267 2627 quem
1317 2578 1398 2613 me
1455 2577 1565 2612 esse
1612 2561 1839 2614 dicitis?
1919 2561 1990 2613 Et
2030 2561 2174 2629 quod
2214 2560 2478 2612 Dominus

434 2634 594 2688 Petro
635 2634 784 2697 dicit,
827 2634 1075 2686 omnibus
1116 2634 1249 2686 dicit
1288 2632 1570 2702 Apostolis
1612 2675 1622 2685 .
1667 2675 1677 2685 .
1724 2679 1733 2688 .
1783 2634 1993 2687 Beatus
2032 2652 2085 2686 es
2111 2633 2293 2687 Simon
2335 2634 2480 2686 Bar-

422 2711 571 2777 jona,
614 2709 742 2776 quia
784 2726 905 2761 caro
945 2713 994 2761 et
1030 2709 1255 2776 sanquis
1295 2748 1306 2761 .
1351 2749 1360 2759 .
1406 2748 1417 2760 .
1460 2706 1702 2760 Noverat
1743 2708 1959 2776 quidem
1998 2708 2265 2760 Dominus
2304 2707 2479 2769 ι103113,

435 2783 564 2852 quid
603 2783 859 2852 Apostoli
901 2783 964 2836 de
1003 2801 1064 2835 eo
1106 2782 1404 2844 crederent,
1463 2781 1593 2849 quid
1645 2782 1928 2843 sentirent,
1981 2782 2111 2850 quid
2163 2782 2479 2850 responsuri

434 2861 625 2911 essent.
705 2857 807 2910 Sed
864 2857 930 2909 ad
989 2856 1372 2910 insinuandam
1411 2855 1772 2908 humilitatem
1832 2855 1988 2908 nobis
2028 2856 2235 2924 placuit
2288 2855 2479 2907 invisi-

436 2931 619 2985 biliter
661 2943 781 2984 cum
820 2931 982 2985 Patre
1021 2935 1074 2984 et
1116 2930 1327 3000 Spiritu
1366 2934 1554 2983 sancto
1595 2930 1822 2982 revelari
1862 2929 2144 2997 Apostolis
2197 2930 2254 2981 in
2302 2929 2477 2992 corde,

438 3010 490 3059 et
529 3025 622 3076 per
680 3006 902 3059 illorum
943 3006 1333 3059 confessionem
1393 3005 1453 3056 in
1491 3004 1691 3057 mundo
1750 3004 1925 3057 audiri
1983 3008 2037 3057 et
2087 3004 2301 3073 dignam
2352 3022 2479 3056 con-

438 3080 725 3133 fessionem
765 3081 928 3151 digna
967 3080 1207 3133 mercede
1260 3079 1613 3143 remunerari,
1666 3082 1729 3132 ut
1780 3097 1963 3131 omnes
2014 3078 2148 3131 certi
2189 3079 2318 3142 sint,
2360 3077 2480 3147 qui-

440 3173 647 3223 cunque
687 3155 896 3208 fuerint
936 3154 1292 3208 confessionis
1349 3154 1508 3222 hujus
1568 3171 1736 3222 usque
1791 3153 1849 3204 in
1908 3152 2070 3204 finem
2122 3153 2303 3205 saeculi
2353 3171 2482 3206 con-

440 3233 693 3281 sonantes
743 3233 798 3282 et
849 3230 1171 3283 confitentes
1224 3232 1385 3282 erunt
1435 3231 1488 3280 et
1538 3227 1989 3286 remunerationis
2037 3231 2314 3280 consortes
2357 3269 2368 3280 .
2412 3269 2424 3280 .
2468 3267 2479 3279 .

442 3302 656 3366 Dixisti,
717 3306 775 3355 tu
819 3321 872 3355 es
913 3302 1190 3366 Christus3
1250 3307 1304 3356 et
1355 3321 1454 3372 ego
1495 3302 1614 3355 dico
1672 3301 1792 3366 tibi,
1853 3301 1996 3370 quod
2055 3306 2116 3355 tu
2175 3320 2229 3354 es
2267 3301 2479 3355 Petrus.

442 3376 579 3440 Quia
637 3394 736 3446 ego
797 3396 915 3429 sum
965 3376 1214 3431 Christus
1272 3378 1530 3430 inunctus
1589 3377 1708 3429 0100
1765 3375 2030 3428 invisibili
2087 3397 2117 3428 a
2175 3376 2338 3430 Patre
2386 3393 2481 3428 rex

443 3450 879 3513 christianorum,
902 3455 956 3503 01
976 3455 1039 3504 111
1059 3453 1471 3506 fundamentum
1491 3467 1693 3505 eorum.
1735 3449 1810 3503 Et
1829 3467 1990 3515 super
2008 3450 2141 3504 hanc
2160 3456 2373 3517 petram
2395 3490 2407 3502 .
2432 3491 2443 3502 .
2467 3489 2479 3501 .

444 3525 616 3595 Super
669 3524 810 3577 hanc
861 3525 1174 3579 firmitatem
1213 3525 1354 3591 fidei,
1411 3543 1575 3595 quam
1614 3525 1889 3578 confessus
1927 3542 2000 3588 es,
2054 3525 2329 3578 aedificabo
2378 3522 2481 3576 Ec-

444 3600 662 3654 clesiam
697 3616 886 3663 meam,
928 3602 982 3652 et
1021 3618 1179 3670 super
1218 3619 1302 3654 me
1341 3600 1614 3654 aedificabo
1653 3603 1709 3654 te
1746 3617 1866 3652 cum
1905 3599 2053 3652 omni
2079 3599 2310 3652 Ecclesia
2348 3615 2479 3651 mea.

446 3673 521 3727 Et
552 3678 744 3742 portae
779 3673 943 3762 inferi
981 3691 1082 3728 non
1112 3674 1497 3744 praevalebunt
1547 3675 1803 3731 adversus
1841 3691 1973 3731 eam.
2051 3673 2366 3746 Quicunque
2417 3670 2482 3727 de
