2722 4146
2175 322 2237 371 15

202 476 352 521 oves3
393 456 483 511 sed
523 457 737 529 quando
779 459 1026 515 Christus
1074 462 1140 515 ad
1192 482 1358 517 unum
1412 463 1686 534 loquitur,
1739 464 1921 518 unitas
1972 483 2239 520 commen-

201 533 378 596 datur,
419 537 473 586 et
514 533 676 587 Petro
715 535 986 603 primitUS,
1029 537 1154 605 quia
1193 538 1249 590 in
1291 538 1574 608 Apostolis
1613 543 1694 592 est
1733 539 1991 607 primus»

346 606 487 675 Any.
530 626 685 660 serm.
730 614 814 661 24.
857 610 920 661 de
961 609 1173 664 Sanctis
1214 613 1298 664 vel
1348 618 1461 666 147.
1504 618 1616 666 tom
1656 613 1752 666 V.:
1799 613 1898 666 «In
1926 633 2034 667 uno
2075 614 2239 668 Petro

200 681 536 750 figurabatur
576 682 899 736 universitas
940 686 1180 738 omnium
1218 691 1550 755 pastorum.»

347 755 488 822 Aug).
530 756 620 807 lib.
664 761 854 810 contra
891 759 1224 813 adversarios
1264 762 1400 831 legis
1455 780 1568 830 cap.
1621 761 1828 814 XVIL:
1885 761 2046 815 «Non
2097 763 2239 814 enim

200 829 314 880 sine
355 847 509 882 causa
562 830 703 882 inter
745 850 929 885 omnes
970 832 1266 902 Apostolos
1305 835 1466 905 hujus
1507 835 1759 888 Ecclesiae
1799 837 2076 890 catholicae
2117 855 2239 905 per-

199 921 385 955 sonam
425 903 658 956 sustinet
697 904 918 958 Petrus:
961 907 1086 959 huic
1125 908 1266 960 enim
1295 909 1545 962 Ecclesiae
1573 911 1746 962 claves
1787 912 1942 981 regni
1983 912 2238 964 coelorum

198 977 335 1029 dat-ce
375 981 520 1041 su‘nt,
562 997 680 1030 cum
719 979 882 1032 Petro
924 982 1061 1034 datae
1101 987 1260 1035 sunt:
1313 988 1368 1036 et
1420 1002 1540 1035 cum
1591 984 1639 1035 ei
1679 984 1893 1048 dicitur,
1950 986 2015 1038 ad
2055 1003 2238 1038 omnes

200 1051 428 1103 dicitur:
471 1053 642 1105 Amas
680 1055 803 1106 me?
843 1070 1000 1121 pasce
1039 1074 1155 1109 oves
1196 1075 1390 1111 meas»

345 1125 485 1193 Aufy.
535 1128 808 1181 enarratio
849 1149 1009 1198 super
1050 1130 1243 1183 Psalm.
1276 1137 1423 1184 los:
1470 1131 1655 1185 «Sicut
1694 1133 1836 1184 enim
1877 1134 2118 1202 quaedam
2157 1135 2237 1186 (11-

198 1204 412 1263 cuntur,
455 1219 572 1269 quae
611 1203 676 1253 ad
716 1202 1044 1271 Apostolum
1085 1204 1304 1257 Petrum
1344 1207 1562 1275 proprie
1611 1207 1885 1275 pertinere
1936 1208 2235 1271 videantur,

197 1292 293 1326 1166
332 1278 512 1326 tamen
552 1276 753 1330 habent
790 1277 1060 1331 illust-rem
1099 1279 1454 1344 intellectum,
1506 1281 1609 1332 nisi
1663 1299 1782 1332 cum
1820 1283 2133 1335 referuntur
2172 1283 2236 1334 ad

198 1347 507 1411 Ecclesiam,
569 1352 719 1419 cujus
774 1351 865 1403 ille
922 1354 1241 1423 agnoscitur
1301 1355 1358 1406 in
1416 1356 1590 1425 figura
1646 1359 1883 1425 gestasse
1933 1375 2236 1425 personam,

197 1427 422 1491 propter
460 1424 776 1492 primatum,
819 1445 976 1495 quem
1016 1429 1069 1479 111
1130 1428 1409 1498 discipulis
1466 1429 1679 1483 habuit:
1735 1430 1896 1482 sicuti
1949 1435 2060 1484 est-z
2118 1431 2239 1483 Tibi

197 1498 330 1549 dabo
371 1498 590 1550 616663.»

344 1573 486 1640 Any.
530 1577 688 1626 tract.
739 1581 854 1627 1⁴24.
898 1576 952 1628 in
993 1575 1178 1628 Joan.:
1236 1577 1432 1646 «Cujus
1487 1578 1739 1631 Ecclesiae
1770 1579 1964 1631 Petrus
2015 1583 2237 1648 propter

196 1647 536 1713 apostolatus
577 1649 659 1699 sui
698 1650 989 1717 primatum
1029 1652 1250 1719 gerebat
1289 1653 1523 1721 figurata
1549 1654 1905 1721 generalitate
1931 1672 2234 1722 personam.

200 1719 352 1780 Quod
392 1721 533 1772 enim
574 1723 639 1773 ad
675 1723 853 1791 ipsum
880 1725 1099 1793 proprie
1126 1726 1394 1793 pertinet:
1437 1731 1634 1779 natura
1660 1746 1799 1779 unus
1827 1727 2017 1780 homo:
2060 1728 2238 1797 gratia

200 1812 338 1846 unus
379 1795 732 1849 christianus:
776 1798 1169 1851 abundantiore
1209 1800 1386 1869 gratia
1414 1819 1552 1852 unus
1579 1800 1825 1870 idemque
1853 1802 2059 1869 primus
2087 1801 2238 1870 Apo-

199 1868 387 1921 stolus,
467 1868 568 1921 Sed
609 1872 820 1939 quando
863 1873 909 1924 ei
951 1873 1154 1926 dictum
1194 1880 1304 1926 est:
1351 1875 1399 1925 T
1398 1875 1473 1926 ibi
1513 1875 1645 1927 dabo
1685 1876 1891 1928 clcaeveS.
1925 1917 1935 1927 .
1969 1919 1978 1928 .
2021 1876 2238 1928 univer-

197 1960 309 1994 sam
348 1943 686 2014 significabat
727 1947 1036 2010 Ecclesiam,
1093 1967 1209 2016 quae
1249 1949 1304 1999 in
1357 1949 1459 2001 hoc
1511 1950 1706 2002 saeculo
1759 1950 1983 2002 diversis
2033 1954 2237 2018 tempe-

196 2017 427 2070 statibus
468 2037 579 2071 non
619 2021 779 2085 cadit,
822 2022 947 2090 quia
985 2023 1212 2074 fundata
1254 2042 1412 2091 super
1452 2028 1686 2091 petram,
1729 2025 1867 2076 unde
1906 2024 2098 2077 Petrus
2138 2043 2237 2076 110-

198 2108 319 2142 men
359 2094 616 2161 accepit.»

344 2166 397 2219 S.
438 2167 760 2235 Fulyeoztius
799 2171 861 2222 de
901 2170 1003 2222 fide
1042 2171 1107 2222 ad
1134 2171 1355 2224 Petrum
1382 2190 1495 2240 cap.
1529 2178 1604 2226 3.:
1651 2172 2010 2226 «Poe-nitentia
2049 2191 2234 2241 pecca-

198 2240 308 2292 tori
349 2245 480 2294 tunc
518 2244 740 2311 prodest
779 2245 823 2296 31
863 2263 978 2296 66111
1026 2245 1084 2296 111
1123 2245 1363 2297 Ecclesia
1405 2247 1671 2299 catholica
1709 2253 1894 2316 gerat,
1952 2247 2036 2299 cui
2088 2247 2233 2299 Deus

195 2314 253 2365 in
294 2334 522 2383 persona
550 2318 598 2369 b.
629 2318 778 2370 Petri
805 2319 1011 2388 ligandi
1039 2320 1388 2388 solvendique
1416 2319 1610 2373 tribuit
1637 2325 1977 2389 potestatem,
2020 2321 2230 2373 dicens:

204 2389 347 2454 Quae
387 2391 695 2459 alliyaveris
725 2434 734 2444 .
768 2434 777 2443 .
811 2434 820 2443 .
865 2398 912 2445 et
951 2411 1084 2459 quae
1122 2395 1414 2447 solveris..
1447 2415 1493 2445 .»
1561 2394 1638 2446 Cf.
1693 2395 1785 2447 lib.
1827 2395 1868 2446 Ι.
1924 2396 1988 2447 (16
2027 2395 2230 2448 remiss,

196 2468 395 2531 peccat.
438 2483 479 2517 6.
530 2471 590 2518 19
634 2471 686 2519 et
726 2485 767 2519 c.
818 2472 879 2519 14
920 2471 973 2519 et
1012 2468 1104 2519 lib.
1146 2468 1216 2520 ΙΙ.
1259 2487 1300 2520 0.
1345 2473 1428 2522 20.

350 2538 588 2606 Cyrillus
625 2541 1028 2594 Alexandrinus
1066 2543 1120 2594 in
1166 2561 1277 2611 cap.
1320 2543 1463 2594 XXI.
1506 2543 1693 2595 Joan.:
1741 2542 2048 2612 «Numquid
2089 2543 2234 2595 enim

198 2613 393 2666 merito
435 2619 640 2682 quaeret
678 2615 891 2684 aliquiS,
935 2634 1094 2684 quam
1135 2617 1200 2668 ob
1241 2635 1453 2669 causam
1495 2616 1767 2669 Simonem
1817 2618 2099 2670 dumtaxat
2148 2618 2234 2669 in—

196 2692 455 2757 terroget,
495 2693 590 2741 aut
631 2690 760 2758 quid
800 2690 903 2742 sibi
944 2691 1074 2743 velit
1114 2690 1286 2743 istud:
1331 2694 1498 2744 Pasce
1537 2709 1652 2744 oves
1691 2710 1857 2756 111663,
1909 2695 1963 2744 et
2020 2692 2230 2744 similia..

196 2760 600 2830 Respondemus
641 2764 840 2834 igitur,
903 2765 1146 2816 divinum
1198 2764 1419 2818 Petrum
1473 2785 1579 2818 una
1629 2785 1748 2818 611111
1795 2766 1915 2818 61113
1955 2766 2232 2834 discipulis

190 2837 304 2904 jam
342 2837 570 2889 electum
608 2839 774 2891 fuisse
811 2839 877 2890 ad
919 2839 1161 2891 divinum
1200 2841 1583 2908 apostolatum.
1649 2841 1770 2909 Ipse
1810 2840 2006 2908 quippe
2045 2839 2233 2891 Domi-

198 2927 299 2962 nus
349 2915 535 2964 noster
574 2911 731 2965 Jesus
783 2912 1031 2966 Christus
1078 2932 1166 2966 eos
1218 2915 1522 2966 nominavit
1570 2913 1883 2982 Apostolos,
1964 2913 2064 2965 Sed
2105 2913 2231 2981 quia

195 2983 418 3048 interea,
461 2986 586 3038 dum
627 2988 938 3056 procederet
977 2986 1289 3040 Judaeorum
1328 2989 1563 3051 facinus,
1612 2989 1864 3041 nonnihil
1916 2989 2099 3055 lapsus
2150 2990 2231 3038 est

199 3055 436 3128 (ingenti
476 3061 675 3130 quippe
714 3062 1002 3114 formidine
1033 3066 1220 3130 captus
1247 3062 1461 3114 divinus
1489 3062 1582 3114 ille
1609 3062 1802 3114 Petrus
1830 3066 1912 3114 ter
1938 3061 2232 3113 Dominum

198 3139 532 3203 negaverat),
573 3154 779 3206 aegrum
817 3140 974 3188 sanat
1013 3140 1066 3188 et
1107 3140 1317 3188 ternam
1359 3136 1747 3188 confessionem
1795 3136 1914 3188 1060
1955 3138 2124 3187 ternae
2163 3135 2232 3186 il-

197 3206 304 3259 lius
344 3209 649 3277 negationis
688 3210 915 3281 flagitat,
968 3210 1105 3262 hanc
1144 3210 1227 3261 illi
1267 3210 1498 3278 quodam
1535 3210 1694 3261 modo
1734 3228 2012 3278 opponens
2051 3213 2104 3261 et
2144 3209 2233 3261 de—

198 3281 327 3333 licta
368 3283 700 3337 correctione
738 3303 1105 3354 compensans.
1165 3284 1507 3352 Quapropter
1547 3301 1643 3351 per
1682 3283 1954 3352 triplicem
1990 3285 2040 3336 b.
2082 3282 2232 3336 Petri

200 3355 588 3408 confessionem
626 3358 833 3427 triplici
859 3358 1218 3428 abnegatione
1247 3362 1588 3410 contractum
1613 3363 1893 3426 peccatum
1917 3359 2229 3428 abrogatur.

200 3428 282 3480 Ex
322 3447 383 3481 60
424 3448 567 3494 ver0,
609 3433 751 3500 quod
790 3432 1056 3485 Dominus
1096 3433 1252 3484 dicit:
1308 3432 1480 3484 Pasce
1518 3448 1634 3484 oves
1671 3449 1829 3495 mecm,
1884 3433 2074 3485 traditi
2118 3433 2229 3499 jam

200 3503 248 3555 61
287 3505 622 3572 apostolatus
671 3507 952 3560 renovatio
1004 3507 1244 3575 quaedam
1283 3524 1395 3557 esse
1435 3510 1735 3559 censetur.»
1817 3506 1889 3559 Et
1935 3507 2074 3559 idem
2131 3503 2231 3570 Cy-

198 3577 360 3630 rillus
397 3578 454 3629 in
492 3577 687 3632 Matth.
727 3579 901 3633 XVI.:
967 3580 1055 3632 »Si
1101 3599 1227 3632 vero
1267 3579 1544 3643 Ecclesiae,
1584 3579 1765 3648 inquit
1807 3580 2078 3642 Christus,
2118 3596 2231 3630 non

198 3651 602 3720 praevaluerunt
642 3651 838 3722 (portae
876 3654 1079 3723 inferi),
1120 3654 1294 3706 multo
1333 3653 1511 3706 minus
1549 3654 1682 3706 mihi
1723 3653 2003 3720 (Christo).
2039 3652 2229 3720 Itaque

201 3743 269 3782 ne
322 3725 556 3780 turberis
596 3725 772 3792 Petre‚
825 3746 947 3781 cum
995 3728 1280 3781 auditurus
1337 3745 1391 3780 es
1443 3727 1766 3781 tradendum
1817 3746 1928 3781 esse
1980 3726 2230 3796 crucique
