2722 4146
505 297 575 354 68

505 468 611 519 (1110
650 449 866 519 gemina
920 444 979 500 in
1018 466 1080 500 60
1120 440 1374 500 voluntas
1422 443 1478 501 et
1516 440 1762 518 operatio
1819 441 2161 519 praedicatur,
2221 441 2357 503 recti
2413 441 2548 520 dog-

505 524 665 576 matis
705 542 937 587 sensum,
980 521 1322 590 inculpandae
1359 521 1746 590 disputationis
1785 523 2036 588 edictum,
2083 523 2397 592 apostolicae
2435 528 2549 577 tra-

506 597 731 650 ditionis
771 598 1007 666 stylum»
1071 594 1156 662 (en
1208 596 1479 664 quomodo
1531 597 1867 665 synodaliter
1917 598 2243 667 approbant,
2296 615 2363 650 611
2414 616 2548 666 (1110-

505 672 664 723 modo
705 670 1070 734 subscribunt,
1123 688 1185 722 ac
1223 669 1269 722 si
1309 674 1604 739 praesentes
1655 675 1834 725 essent
1873 671 2134 735 Concilio,
2189 672 2549 740 comparando

504 745 876 798 definitionem
940 762 1062 796 cum
1117 745 1416 813 apostolica
1472 744 1770 799 traditione
1828 749 1882 798 et
1940 745 2238 798 universali
2297 745 2550 798 Ecclesiae

506 819 785 872 catholicae
823 818 1115 884 doctrina).

654 892 778 961 Cap.
821 891 952 945 1V.:
997 892 1246 946 «Placuit
1283 893 1510 962 proinde
1550 893 1942 947 satisfacientes
1982 893 2138 946 Rom.
2178 892 2437 946 Pontifici
2490 911 2550 947 ea

505 967 618 1035 ipsa
658 970 812 1035 gesta
864 967 1079 1019 firmare
1131 971 1438 1036 nostraeque
1491 968 1613 1020 fidei
1654 987 1868 1020 sensum
1926 968 2215 1037 purissima
2260 968 2549 1020 verborum

504 1041 831 1093 enodatione
884 1041 1213 1110 depromere.
1304 1042 1376 1094 Et
1431 1042 1558 1110 quia
1608 1043 1722 1095 illic
1760 1042 1824 1094 de
1873 1041 1975 1094 hac
2013 1042 2228 1113 gemina
2268 1042 2551 1095 voluntate

508 1120 562 1168 et
621 1115 936 1183 operatione
993 1115 1122 1168 ζ16311
1183 1116 1387 1169 Christi
1446 1116 1838 1186 insigniuntur,
1897 1135 2016 1185 quae
2074 1135 2199 1168 vera
2257 1120 2387 1169 sunt
2426 1157 2439 1169 .
2480 1157 2492 1170 .
2537 1160 2548 1170 .

506 1208 651 1242 nunc
689 1189 845 1242 nobis
887 1190 940 1241 id
981 1190 1158 1258 operis
1198 1194 1385 1254 restat,
1427 1194 1491 1243 ut
1522 1193 1679 1259 juxta
1707 1209 1974 1243 canonum
2004 1191 2231 1259 speciale
2259 1190 2548 1255 decretum,

508 1282 614 1332 quo
657 1263 959 1316 Concilium
1016 1265 1267 1334 generale
1325 1283 1424 1333 pro
1482 1265 1607 1316 fidei
1648 1265 1821 1317 causis
1877 1264 2164 1335 aggregari
2215 1265 2550 1333 praecipitur,

511 1342 737 1407 utraque
795 1357 1018 1407 operum
1057 1343 1211 1408 gesta
1251 1342 1306 1391 et
1344 1339 1602 1407 synodico
1661 1339 1987 1393 dirimantur
2034 1339 2290 1402 examine,
2351 1342 2406 1391 et
2443 1338 2552 1391 dis-

512 1417 658 1465 creta
699 1413 1054 1465 conciliorum
1094 1413 1393 1466 fulciantur
1431 1415 1760 1466 auctoritate
1789 1456 1799 1466 .
1830 1454 1841 1466 .
1871 1454 1883 1466 .
1926 1431 2032 1481 quo
2072 1412 2330 1481 synodica
2355 1412 2552 1465 iterum

507 1486 902 1539 examinatione
940 1487 1176 1551 decocta,
1235 1487 1319 1539 vel
1360 1488 1630 1540 communi
1671 1487 1910 1540 omnium
1950 1487 2315 1540 Conciliorum
2348 1487 2552 1556 judicio

509 1562 874 1629 comprobata,
915 1580 1009 1629 per
1049 1561 1265 1631 singula
1303 1561 1580 1630 Hispaniae
1619 1562 2022 1630 provinciarum
2048 1561 2288 1614 Concilia
2327 1578 2551 1630 praeme-

509 1640 719 1687 morata
758 1636 951 1702 synodi
991 1640 1159 1705 gesta,
1219 1655 1311 1689 seu
1370 1636 1532 1688 etiam
1590 1637 1773 1688 eadem
1826 1635 2001 1705 partis
2042 1639 2246 1688 nostrae
2294 1654 2552 1704 responsa

510 1709 747 1761 omnium
786 1709 1065 1762 notionem
1103 1711 1436 1778 attingant.»

659 1783 785 1852 Cap.
827 1783 924 1836 V.:
967 1784 1250 1837 Communi
1305 1785 1529 1853 proinde
1574 1786 1683 1851 jam
1735 1785 1978 1836 omnium
2030 1784 2234 1851 judicio
2274 1783 2451 1852 placet
2489 1786 2552 1835 ut

511 1857 635 1926 quia
674 1857 1002 1927 generaliter
1041 1858 1097 1910 in
1136 1878 1302 1910 unum
1324 1877 1507 1911 omnes
1533 1858 1813 1927 Hispaniae
1844 1859 2101 1911 l‘raesules
2125 1858 2412 1928 aggregari
2440 1876 2551 1910 11011

512 1931 798 2001 quivimus,
858 1932 1049 1984 saltem
1107 1932 1353 1985 discretis
1407 1933 1703 2001 provinciis
1744 1933 1973 1984 concilia
2031 1933 2383 1985 celebremus:
2444 1949 2551 2001 quo

514 2006 754 2074 predicta
793 2006 987 2074 synodi
1027 2011 1197 2076 gesta,
1240 2008 1323 2059 vel
1363 2011 1566 2060 nostrae
1605 2007 1777 2075 partis
1815 2025 2091 2075 responsa,
2133 2011 2187 2059 et
2213 2007 2381 2076 digno
2423 2024 2551 2074 pro-

511 2080 697 2132 bitatis
755 2080 967 2132 demum
1024 2082 1395 2150 decoquantur
1447 2081 1651 2150 judicio
1710 2085 1765 2134 et
1810 2081 2068 2150 synodico
2127 2080 2386 2133 laudabili
2427 2080 2553 2132 illu-

508 2158 751 2206 strentur
790 2155 934 2222 stylo
1030 2155 1157 2207 Ideo
1196 2174 1295 2207 1103
1348 2155 1582 2224 primum
1635 2173 1817 2208 omnes
1856 2155 2201 2225 Carthaginis
2251 2154 2555 2206 Provincia»

510 2227 802 2281 Pontifices
859 2229 979 2297 pari
1034 2229 1335 2282 animarum
1386 2230 1591 2299 judicio
1631 2230 1890 2298 praedicta
1927 2233 2081 2299 gesta
2135 2247 2255 2281 cum
2312 2228 2553 2296 antiquis

511 2301 767 2355 Conciliis
826 2304 1166 2356 conferentes
1221 2348 1232 2358 .
1287 2345 1299 2356 .
1354 2345 1365 2356 .
1428 2304 1627 2357 iterato
1687 2322 1746 2356 ea
1803 2304 1920 2372 ipsa
1977 2307 2131 2373 gesta
2186 2302 2554 2372 probavimuS,

509 2377 737 2429 decretis
796 2377 1010 2446 quidem
1068 2378 1178 2430 illis
1250 2378 1631 2446 synodalibus,
1699 2381 1755 2430 et
1823 2377 2110 2446 praecipuis
2176 2378 2235 2429 in
2303 2376 2552 2429 omnibus

509 2468 747 2503 consona
789 2492 800 2502 .
843 2493 854 2503 .
898 2492 911 2504 .
953 2451 1206 2517 Nicaeuae,
1247 2452 1871 2521 Constantinopolitanae
1911 2452 1994 2504 vel
2034 2451 2339 2520 Ephesinae,
2394 2450 2553 2502 Chal-

515 2523 815 2577 cedonensi.
829 2544 854 2572 »

658 2597 784 2666 Cap.
825 2598 947 2651 VL:
1010 2598 1118 2651 «Et
1175 2599 1291 2651 ideo
1350 2598 1648 2667 supradicti
1705 2602 1825 2651 acta
1865 2599 2092 2652 Concilii
2153 2598 2227 2667 (id
2268 2603 2350 2651 cst
2390 2597 2552 2666 sexti)

516 2671 793 2725 intantum
831 2691 862 2725 a
912 2672 1069 2724 1101113
1107 2673 1412 2727 veneranda
1465 2677 1595 2725 sunt
1633 2676 1688 2724 et
1726 2673 2036 2741 recipienda
2076 2674 2426 2735 constabunt,
2467 2671 2552 2724 in-

515 2750 780 2815 quantum
817 2765 848 2798 a
887 2746 1179 2815 praemissis
1220 2746 1478 2800 Conciliis
1524 2765 1635 2797 11011
1688 2746 1999 2808 discedunt3
2059 2747 2168 2798 imo
2226 2747 2551 2814 inquantum

512 2820 625 2872 illis
665 2820 992 2873 concordare
1030 2820 1300 2874 videntur.
1377 2820 1670 2872 Habebunt
1709 2838 1837 2889 ergo
1866 2820 1948 2872 3111
1977 2821 2184 2872 ordinis
2211 2820 2404 2883 locum,
2433 2836 2552 2887 quae

510 2894 914 2949 sublimationis
971 2895 1174 2948 habent
1229 2899 1286 2948 et
1339 2894 1608 2947 meritum.
1686 2893 1841 2946 Unde
1898 2894 1981 2946 his
2022 2893 2279 2946 Conciliis
2337 2911 2397 2945 ea
2435 2893 2554 2961 ipsa

510 2969 876 3022 subnectenda
925 2969 1278 3034 decerminus,
1338 2987 1570 3038 quorum
1626 2967 1951 3021 auctoritate
2010 2967 2151 3021 fulta
2207 2968 2549 3036 probamus.»

512 3042 714 3110 (Mansi
752 3046 792 3096 t.
832 3042 926 3096 XI.
967 3062 1018 3112 p.
1068 3044 1247 3114 1087.)

661 3116 1069 3186 Sapientissime
1107 3116 1342 3187 Hispani
1381 3134 1437 3170 se
1475 3119 1760 3187 gesserunt
1797 3118 1853 3168 et
1885 3115 2175 3168 secundum
2201 3115 2549 3169 traditionem

514 3188 782 3245 Ecclesiae.
860 3191 1164 3245 Concilium
1203 3192 1345 3244 enim
1381 3191 1766 3244 oecumenicum
1803 3193 1886 3243 est
1924 3189 2077 3253 illud,
2125 3189 2550 3258 quodomnium

514 3264 856 3318 ecclesiarum
894 3284 1215 3319 consensum
1253 3265 1509 3335 exprimit
1561 3269 1617 3318 et
1654 3264 1959 3316 universam
2007 3263 2303 3316 Ecclesiam
2352 3280 2551 3332 reprae-

513 3341 711 3402 sentat,
753 3340 904 3408 cujus
943 3340 1169 3393 decretis
1201 3342 1292 3410 jus
1330 3339 1532 3393 habent
1571 3337 1826 3407 Episcopi
1867 3341 1928 3390 ut
1953 3337 2172 3390 nonnisi
2199 3337 2548 3406 synodaliter,

513 3410 609 3462 illa
649 3413 1010 3480 comparando
1051 3432 1171 3467 cum
1209 3414 1509 3484 apostolica
1546 3411 1840 3466 traditione
1877 3415 1931 3464 et
1971 3411 2262 3464 universali
2301 3410 2550 3464 doctrina

515 3484 786 3548 Ecclesiae,
828 3487 1185 3542 subscribant.
1264 3488 1418 3551 Quod
1469 3505 1596 3540 vero
1645 3487 1748 3539 hoc
1795 3486 2052 3553 synodale
2089 3490 2310 3537 examen
2349 3484 2445 3537 fiat
2481 3484 2549 3536 ab

514 3559 765 3612 omnibus
802 3558 1084 3629 Episcopis
1134 3561 1295 3615 simul
1349 3561 1712 3632 congregatis,
1762 3560 1845 3612 vel
1884 3578 1916 3612 a
1953 3559 2202 3628 pluribus
2253 3558 2431 3622 simul,
2481 3558 2549 3610 ab

513 3633 636 3686 aliis
673 3636 878 3702 postea,
918 3633 1022 3686 hoc
1059 3653 1170 3687 non
1210 3640 1387 3690 mutat
1425 3641 1676 3689 naturam
1714 3633 1810 3698 rei,
1860 3651 1979 3701 quae
2030 3634 2088 3685 in
2137 3633 2240 3685 hoc
2279 3631 2547 3694 consistit,

515 3710 578 3760 ut
634 3724 819 3761 omnes
877 3707 1153 3776 praemisso
1211 3710 1452 3763 examine
1503 3727 1614 3762 non
1671 3706 1872 3769 coacti,
1930 3706 2020 3760 sed
2076 3706 2261 3773 liberi,
2319 3703 2548 3758 Concilii
