2722 4146
2278 306 2308 355 5

269 447 427 500 fidem
465 446 682 509 fecerat,
723 444 1028 512 fratresque
1054 445 1416 498 confirmaret.
1458 449 1521 498 ut
1547 445 1692 497 firmi
1730 445 2087 514 persisterent
2126 448 2185 500 in
2213 449 2316 502 fide

269 521 326 574 in
366 520 641 574 Christum
679 517 1200 587 tempestuosissinio
1241 519 1335 572 illo
1376 519 1644 588 passionis
1683 523 1943 588 tempore.

417 594 660 648 Secunda
711 596 808 655 est,
867 610 935 644 ne
973 591 1212 644 Ecclesia
1268 593 1528 645 Romana.
1564 612 1594 645 a
1632 592 1796 646 Petro
1858 594 2084 646 fundata
2122 615 2153 648 a
2209 597 2316 649 fide

271 688 507 738 unquam
547 668 814 720 deficeret.

415 742 614 805 Tertia,
654 760 722 793 ne
762 740 1080 809 Apostolica
1120 740 1278 793 Sedes
1318 761 1348 793 a
1387 741 1491 793 fide
1531 761 1770 810 unquam
1809 742 2075 795 deficeret.

417 817 634 879 Quarta,
675 834 742 867 ne
781 814 1102 867 universalis
1142 815 1380 868 Ecclesia
1419 815 1649 880 deficiat,
1706 835 1866 884 quam
1916 815 2110 869 Petrus
2164 817 2220 869 in
2262 836 2316 870 66

267 894 637 960 repraesentat.

415 963 667 1033 Spectato
727 967 1002 1025 contextu,
1070 963 1162 1031 qui
1221 963 1496 1015 evidenter
1554 963 1617 1015 (16
1673 964 1830 1031 lapsu
1870 964 2018 1017 Petri
2073 969 2316 1034 tempore

267 1039 532 1108 passionis
591 1039 724 1108 agit,
787 1056 903 1106 quae
961 1037 1345 1105 interpretatio
1405 1037 1549 1089 inter
1602 1037 1790 1089 Patres
1849 1039 2204 1091 famosissima
2262 1044 2315 1093 et

267 1113 653 1166 solemnissima
708 1116 804 1172 est,
867 1130 1132 1180 quamque
1173 1111 1534 1181 quadraginta
1575 1115 1810 1180 quatuor
1857 1112 2221 1181 antiquissimi
2262 1118 2315 1166 et

266 1189 650 1256 subsequentes
708 1187 895 1238 Patres
955 1190 1008 1237 et
1067 1186 1316 1238 doctores
1374 1186 1617 1249 tradunt,
1678 1190 1732 1238 et
1772 1186 2124 1239 consideratis
2174 1187 2314 1240 alliis

267 1262 442 1314 tribus
469 1261 1017 1330 interpretationibus
1046 1260 1205 1329 longe
1234 1260 1410 1311 minus
1439 1261 1785 1323 solemnibus,
1828 1278 1947 1328 quae
1994 1260 2316 1331 intelligunt

268 1337 428 1388 verba
486 1336 580 1387 illa
639 1336 701 1386 de
744 1334 876 1387 Sede
916 1334 1174 1397 Romana,
1232 1334 1295 1386 de
1349 1335 1571 1386 ecclesia
1629 1334 1890 1398 Romana,
1952 1335 2015 1386 de
2075 1335 2315 1389 Ecclesia

267 1410 559 1462 universali
600 1428 875 1477 nunquam
927 1409 1225 1461 defectura:
1282 1409 1460 1460 omnia
1518 1408 1830 1460 harmonice
1883 1409 2141 1462 sumendo
2201 1410 2313 1462 haec

267 1485 504 1536 efficitur
546 1484 851 1536 sententia:
904 1483 1082 1535 'Verba
1138 1483 1231 1534 1116
1271 1482 1512 1551 proprie,
1561 1483 1873 1534 litteraliter
1914 1486 1969 1535 et
2007 1483 2313 1537 immediate

266 1558 566 1627 respiciunt
605 1559 815 1627 lapsum
857 1558 1022 1620 Petri,
1065 1576 1164 1625 pro
1207 1576 1330 1625 quo,
1372 1575 1438 1608 116
1477 1557 1723 1609 101611161
1765 1557 2018 1610 deficeret
2070 1561 2313 1626 tempore

267 1633 549 1702 passionis,
595 1633 842 1685 Christus
885 1632 1076 1694 oravit,
1119 1631 1196 1683 ita
1236 1635 1312 1694 ut,
1355 1631 1483 1682 licet
1531 1650 1750 1682 casurus
1787 1635 1930 1683 esset
1957 1632 2131 1700 quoad
2155 1632 2313 1684 fidem

264 1708 324 1758 in
365 1706 655 1769 Christum,
698 1710 879 1758 tamen
919 1706 1124 1757 virtute
1166 1705 1430 1757 orationis
1460 1704 1663 1757 Christi
1689 1705 2069 1773 poenitentiam
2094 1710 2313 1759 acturus

265 1785 422 1844 esset,
463 1781 619 1850 eique
661 1799 853 1832 munus
893 1799 923 1831 a
963 1779 1179 1831 Christo
1221 1779 1328 1831 fuit
1367 1779 1697 1848 impositum,
1739 1783 1801 1832 ut-
1825 1784 2113 1848 postquam
2139 1780 2314 1848 poeni-

266 1856 497 1909 tentiam
555 1855 781 1925 egisset,
850 1855 1049 1906 fratres
1117 1873 1240 1906 suos
1299 1854 1543 1906 firmaret
1609 1854 1666 1905 in
1721 1854 1816 1905 1110
1875 1854 2145 1922 passionis
2204 1874 2312 1907 suaa

267 1930 730 1983 calamitosissimo
771 1934 1031 1997 tempore,
1075 1931 1135 1980 ut
1176 1928 1233 1980 in
1275 1928 1377 1980 fide
1419 1928 1477 1979 in
1519 1929 1796 1981 Christum
1836 1928 2008 1979 filium
2048 1928 2148 1980 Dei
2188 1948 2311 1997 per-

265 2008 593 2067 severarent,
651 2023 718 2056 ne
777 2021 1005 2072 regnum
1072 2002 1290 2063 Christi,
1352 2003 1496 2071 quod
1554 2003 1611 2054 in
1671 2002 1802 2071 ipsis
1862 2002 2039 2070 primo
2099 2003 2312 2055 fundari

263 2079 571 2148 incipiebat,
623 2079 798 2147 prima
851 2078 943 2129 illa
984 2077 1290 2130 vehementi
1329 2081 1650 2145 tempestate
1706 2095 2023 2129 concussum
2062 2077 2309 2130 funditus

265 2158 573 2206 corrueret.-
631 2158 812 2205 tamen
871 2152 928 2203 in
982 2152 1082 2203 hac
1143 2151 1283 2203 circa
1346 2150 1568 2203 Petrum
1628 2156 1682 2203 et
1749 2150 2045 2219 Apostolos
2099 2151 2156 2202 in
2213 2152 2308 2204 illo

264 2228 531 2297 passionis
558 2232 802 2296 tempore
832 2226 1035 2278 Christi
1061 2226 1358 2277 oeconomia
1385 2225 1551 2278 fuerit
1584 2225 1917 2287 adumbrata,
1961 2225 2310 2294 praefigurata

265 2307 319 2355 et
358 2302 645 2372 allegorice
686 2301 1061 2369 praenunciata
1113 2300 1205 2350 illa
1256 2299 1501 2367 specialis
1549 2298 1911 2367 providentia,
1965 2317 2123 2367 quam
2163 2299 2308 2351 Deus

264 2377 323 2428 in
362 2376 727 2429 conservanda
766 2374 1006 2427 Ecclesia
1035 2373 1326 2425 universali
1352 2373 1637 2426 habiturus
1666 2376 1806 2425 esset
1833 2373 1973 2424 circa
1999 2373 2310 2426 cathedram

266 2450 431 2513 Petri,
492 2454 554 2502 ut
612 2468 820 2518 semper
882 2451 1022 2500 esset
1080 2447 1351 2499 immobile
1412 2451 1659 2500 centrum
1717 2447 1944 2499 unitatis
2013 2447 2307 2511 catholicae,

265 2526 461 2577 fratres
515 2543 639 2576 suos
694 2524 1056 2584 confirmaret,
1112 2540 1209 2573 1166
1263 2540 1498 2590 unquam
1551 2523 1828 2573 corrueret
1869 2539 1929 2572 60
1970 2522 2145 2585 modo,
2200 2540 2307 2590 quo

266 2617 313 2650 v,
381 2617 433 2667 g.
505 2598 779 2650 ecclesiam
850 2595 1273 2648 Alexandrinam
1339 2600 1392 2648 et
1462 2595 1862 2648 Antiochenam
1929 2595 2195 2648 corruisse
2254 2599 2308 2648 et

265 2673 607 2742 naufragium
667 2672 806 2724 circa
864 2671 1023 2722 fidem
1083 2670 1270 2721 fecisse
1323 2673 1434 2739 jam
1493 2670 1750 2721 videmus
1848 2668 2021 2737 Atqui
2078 2669 2143 2721 ad
2194 2670 2308 2722 haec

266 2747 443 2799 omnia
482 2746 794 2815 explicanda
835 2745 1040 2798 sufficit
1066 2763 1319 2807 asserere,
1362 2744 1671 2797 cathedram
1698 2743 1849 2796 Petri
1887 2743 2214 2795 immobilem
2250 2744 2307 2795 in

264 2825 589 2890 perpetuum
627 2839 861 2883 manere,
922 2822 975 2871 et
1035 2837 1155 2870 611111
1215 2819 1595 2887 cooperatione
1653 2822 1708 2871 et
1764 2836 2030 2870 consensu
2081 2817 2306 2869 aliarum

265 2895 610 2947 ecclesiarum
670 2914 782 2947 esse
843 2911 1147 2962 supremam
1205 2896 1260 2945 et
1319 2892 1659 2944 infallibilem
1698 2893 1943 2961 regulam
1981 2891 2132 2943 fidei:
2194 2910 2306 2943 non

264 2973 346 3022 est
384 2988 596 3022 necesse
636 2988 888 3030 asserere,
945 2967 1249 3019 Romanum
1300 2966 1622 3019 Pontificem
1661 2967 1835 3018 solum
1882 2965 2306 3033 independenter

264 3062 294 3094 a
347 3047 464 3096 tota
517 3043 754 3096 Ecclesia
814 3059 1116 3110 supremam
1175 3046 1230 3093 et
1288 3059 1351 3092 ex
1409 3059 1463 3092 se
1525 3040 1859 3092 infallibilem
1921 3039 2304 3092 auctoritatem

263 3117 473 3170 habere.

415 3191 672 3261 Sequitur
730 3192 1107 3244 celeberrimus
1160 3192 1342 3241 textus
1391 3189 1532 3256 apud
1587 3185 1905 3239 Matthaeum
1943 3186 2090 3239 XVI.
2158 3186 2303 3249 Quo-

266 3266 424 3318 modo
463 3266 698 3336 intelligi
736 3266 931 3318 debet?
1026 3263 1274 3316 Christus
1327 3262 1637 3331 interrogat
1686 3279 1800 3313 non
1853 3280 2021 3313 unum
2058 3261 2299 3326 Petrum,

267 3340 357 3391 sed
397 3358 580 3393 omnes
619 3339 945 3409 Apostolos:
998 3338 1100 3390 Vos
1139 3342 1329 3398 autem,
1371 3354 1520 3402 quem
1558 3353 1637 3387 me
1675 3352 1784 3387 6336
1823 3337 2051 3388 dicitis?
2110 3335 2304 3388 Petrus

268 3417 330 3466 ut
379 3432 437 3465 os
495 3418 550 3467 et
608 3414 923 3482 coryphaeus
984 3411 1199 3481 collegii
1266 3410 1574 3479 Apostolici
1637 3410 1928 3478 respondet
1999 3427 2136 3462 unus
2202 3428 2302 3478 pro

269 3487 516 3540 omnibus
577 3492 631 3541 61
689 3488 930 3540 omnium
987 3485 1379 3554 Apostolorum
1436 3483 1611 3546 fidem,
1672 3503 1832 3552 quam
1870 3484 2049 3547 Pater,
2098 3487 2153 3535 et
2191 3501 2302 3535 non

268 3580 392 3614 caro
432 3565 487 3614 et
525 3562 746 3631 sanguis
783 3562 1164 3630 inspiraverat,
1205 3559 1516 3626 profitetur,
1557 3558 1768 3610 dicens:
1824 3558 1906 3611 Tu
1945 3575 1998 3610 es
2040 3556 2301 3622 ChristuS,

263 3637 415 3702 filius
453 3634 561 3688 Dei
598 3637 718 3689 vivi.
798 3636 936 3698 Quid
975 3651 1104 3703 ergo
1143 3631 1314 3702 magis
1352 3631 1460 3684 toti
1488 3631 1766 3685 contextui
1793 3649 2106 3692 consonum,
2143 3649 2301 3699 quam

266 3713 331 3763 ut
368 3708 659 3774 credamuS,
703 3708 976 3763 Christum
1015 3725 1228 3778 quoque
1267 3705 1326 3758 in
1363 3704 1526 3760 Petro
1564 3706 1906 3778 respondisse
1941 3704 2206 3770 omnibus,
2247 3708 2304 3759 et
