2612 4062
422 179 529 231 286

421 324 722 379 Concilium
784 325 1018 395 poterit,
1080 324 1192 378 sive
1247 324 1456 396 legibus
1514 325 1824 390 nonnulliS,
1884 327 1995 380 sive
2052 328 2354 398 praeceptis
2411 343 2466 383 et

420 400 884 454 admonitionibus
925 399 1118 452 saltem
1155 398 1221 451 ad
1264 399 1465 452 clerum
1505 402 1561 452 et
1598 400 1877 469 populum.

571 474 634 528 G.
678 474 878 527 Causae
923 473 990 526 ad
1038 474 1216 540 forum
1255 474 1666 527 ecclesiasticum
1721 479 2027 544 spectantes
2068 481 2466 546 cognoscantur

420 553 475 603 et
521 549 852 602 definiantur
899 567 996 617 per
1028 565 1335 615 processum
1376 550 1729 601 summarium
1770 549 1884 602 sine
1924 550 2101 620 figura
2139 554 2193 604 et
2232 551 2467 620 strepitu

413 623 623 693 judicii,
679 623 904 676 servatis
956 623 1015 675 in
1069 623 1243 675 forma
1296 622 1747 676 substantialibus
1788 628 2033 688 tantum,
2090 628 2152 678 ut
2197 624 2255 676 in
2295 625 2467 678 causis

418 697 907 751 matrimonialibus
964 698 1083 767 lege
1141 697 1406 750 sancitum
1458 702 1555 751 est.
1612 725 1674 733 —
1733 697 2004 751 Plurimae
2063 698 2206 750 enim
2262 699 2468 752 formae

418 790 699 841 processus
741 772 1027 834 ordinarii,
1072 775 1134 824 ut
1173 772 1231 824 in
1271 790 1496 841 corpore
1530 772 1669 842 juris
1710 773 1956 826 canonici
1997 773 2375 826 describuntur
2414 778 2467 827 et

417 846 824 900 succedentibus
889 847 1175 915 permultis
1234 846 1514 916 rescriptis
1573 851 1950 915 exponuntur,
2018 848 2288 916 praesenti
2345 867 2467 917 per-

417 921 633 974 fectiori
685 921 890 974 formae
925 921 1386 990 jurisprudentiae
1427 941 1539 974 non
1580 921 1809 990 amplius
1849 922 2207 986 conveniunt,
2261 940 2359 975 nec
2400 923 2466 976 ob

416 996 771 1064 particulares
828 996 1087 1064 plurimas
1148 997 1565 1049 consuetudines
1619 996 1891 1049 observari
1950 1000 2207 1065 possunt,
2267 997 2374 1050 imo
2423 998 2468 1050 si

417 1070 854 1135 observarentur,
897 1070 1127 1123 nimium
1152 1070 1495 1140 dispendium
1535 1075 1653 1124 tum
1673 1070 1935 1140 temporis
1975 1075 2090 1124 tum
2119 1071 2468 1139 pecuniarum

416 1148 470 1198 et
510 1145 880 1198 molestiarum
920 1145 1214 1216 exigerent.
1273 1145 1406 1198 Eam
1445 1146 1617 1215 ipsam
1659 1146 1727 1198 ob
1767 1164 1978 1197 causam
2018 1145 2256 1214 episcopi
2297 1145 2469 1200 coacti

415 1218 665 1283 fuerunt,
721 1223 781 1272 ut
847 1220 1043 1273 delicta
1093 1221 1254 1273 etiam
1304 1221 1557 1290 graviora
1611 1220 1929 1273 clericorum
1984 1224 2078 1272 aut
2126 1219 2242 1272 sine
2295 1239 2468 1288 poena

414 1293 752 1347 dissimulare
791 1298 886 1347 aut
925 1295 1304 1363 praetermisso
1344 1313 1599 1364 processu
1633 1294 1882 1364 judiciali
1922 1294 2079 1346 modo
2120 1294 2468 1347 administra-

417 1367 527 1421 tivo
580 1375 633 1421 et
674 1387 737 1421 ex
778 1369 1072 1422 informata
1111 1371 1285 1423 solum
1326 1369 1653 1423 conscientia
1686 1368 1927 1439 judicare
1966 1372 2020 1421 et
2059 1368 2253 1436 punire
2299 1369 2468 1422 satius

416 1442 689 1506 ducerent,
759 1444 900 1496 unde
958 1445 1042 1496 vel
1116 1445 1355 1497 defensio
1433 1444 1707 1515 accusati,
1789 1443 2002 1495 excluso
2082 1443 2463 1511 appellationis

414 1517 636 1580 auxilio,
678 1518 1105 1587 periclitabatur,
1147 1520 1231 1571 vel
1272 1518 1589 1587 disciplinae
1628 1517 2018 1570 ecclesiasticae
2056 1535 2252 1569 nervus
2292 1517 2467 1570 immi-

415 1592 679 1645 nuebatur
734 1593 817 1645 vel
858 1593 1020 1646 etiam
1061 1593 1383 1662 episcopalis
1423 1594 1722 1646 auctoritas
1763 1610 1853 1644 ceu
1909 1591 2201 1644 arbitraria
2240 1610 2466 1660 prorsus

415 1666 813 1720 traducebatur.
895 1666 980 1720 Ad
1023 1687 1206 1721 causas
1247 1668 1429 1737 itaque
1469 1666 1853 1720 ecclesiasticas
1894 1667 1999 1719 rite
2049 1666 2361 1718 tractandas
2413 1670 2467 1719 et

415 1759 597 1793 secure
658 1741 1054 1806 terminandaS,
1109 1743 1175 1795 ad
1226 1742 1605 1795 removendam
1658 1745 1775 1794 tum
1815 1740 2201 1810 negligentiam
2241 1740 2295 1791 in
2339 1741 2465 1793 sub-

414 1815 758 1869 stantialibus
818 1820 931 1869 tum
982 1817 1204 1869 nimiam
1262 1818 1318 1869 in
1371 1816 1792 1869 accidentalibus
1843 1833 2079 1877 moram,
2139 1833 2467 1884 magnopere

415 1894 723 1958 exoptatur,
768 1895 828 1944 ut
869 1893 1028 1944 codex
1068 1893 1455 1945 ecclesiasticus
1494 1891 1551 1942 in
1587 1891 1755 1942 lucem
1799 1889 2005 1951 edatur,
2049 1907 2155 1957 quo
2184 1907 2466 1957 processus

409 1964 727 2031 judiciarius
767 1965 823 2017 in
863 1966 946 2018 his
987 1967 1187 2029 causiS,
1232 1971 1286 2019 et
1324 1965 1639 2047 praesertim
1681 1965 1736 2015 in
1778 1963 2035 2033 litigiosis
2077 1967 2131 2015 et
2172 1963 2463 2015 criminali-

416 2039 531 2101 bus,
573 2039 936 2092 observandus
978 2041 1392 2109 praescribatur,
1434 2040 1492 2091 in
1532 2043 1650 2091 toto
1693 2039 1820 2090 orbe
1861 2037 2127 2090 catholico
2159 2037 2459 2091 uniformis

562 2113 630 2166 H.
675 2112 775 2166 Sed
815 2133 924 2167 non
967 2119 1182 2168 tantum
1221 2115 1397 2184 quoad
1424 2131 1729 2183 processum
1753 2111 2115 2181 judiciarium,
2158 2111 2247 2163 sed
2287 2112 2461 2180 quoad

416 2191 617 2240 ceteras
670 2207 883 2258 quoque
931 2190 1185 2243 materias
1226 2189 1579 2256 leyislationis
1620 2186 2008 2239 ecclesiasticae
2048 2186 2206 2238 cocleae
2246 2187 2461 2238 authen-

417 2263 551 2315 ticus
601 2264 1030 2331 pernecessarius
1078 2269 1175 2317 est.
1256 2264 1461 2334 Legum
1501 2263 1657 2333 vigor
1697 2260 1900 2313 servari
1940 2279 2052 2312 non
2092 2263 2301 2328 potest,
2356 2260 2461 2312 nisi

416 2336 575 2389 claris
629 2341 682 2390 et
732 2338 969 2391 indubiis
1008 2339 1185 2391 verbis
1227 2342 1468 2402 constet,
1524 2354 1786 2406 quaenam
1824 2335 1968 2404 leges
2009 2338 2062 2386 et
2103 2334 2160 2385 in
2200 2339 2457 2402 quantum

415 2410 660 2480 obligent
698 2412 960 2465 subditos
1028 2411 1088 2464 In
1129 2413 1470 2483 legislatione
1510 2429 1634 2463 vero
1676 2409 2033 2461 ecclesiastica
2071 2408 2199 2459 haec
2238 2407 2460 2461 certitu-

415 2484 556 2537 dinis
615 2491 748 2539 nota
794 2505 1130 2556 summopere
1182 2487 1543 2547 desideratur,
1593 2483 1913 2552 praesertim
1954 2482 1998 2534 si
2044 2481 2286 2550 «Corpus
2320 2482 2459 2550 juris

416 2559 694 2612 canonici»
739 2561 1071 2625 attenditur,
1125 2563 1274 2628 cujus
1314 2559 1604 2613 decretales
1646 2556 1897 2626 Gregorii
1938 2555 2050 2619 IX.,
2091 2556 2223 2607 liber
2266 2554 2458 2608 Sextus

414 2637 469 2686 et
490 2631 854 2687 Clementinae
892 2635 1153 2703 plurimas
1193 2634 1406 2704 quidem
1445 2634 1590 2702 leges
1630 2649 1837 2698 semper
1866 2630 2126 2682 valituras
2153 2629 2456 2694 continent,

415 2726 550 2776 quae
588 2727 716 2762 vero
756 2709 934 2778 quoad
972 2709 1080 2761 alia
1107 2709 1285 2777 capita
1324 2707 1531 2778 legibus
1571 2703 1963 2773 posterioribus
2004 2703 2087 2755 vel
2115 2703 2275 2755 etiam
2308 2706 2457 2772 justa

415 2786 469 2835 et
518 2782 759 2853 legitima
811 2783 1197 2836 consuetudine
1249 2783 1598 2851 abrogantur.
1675 2777 1832 2830 Unde
1871 2777 1950 2839 fit,
1992 2781 2054 2829 ut
2091 2795 2199 2829 non
2240 2781 2457 2830 tautum

415 2856 474 2908 in
532 2857 731 2910 scholis
789 2858 879 2910 sed
938 2861 991 2910 et
1049 2858 1105 2910 in
1162 2857 1381 2926 judiciis
1451 2853 1672 2924 plurimi
1741 2851 2009 2903 haesitent
2077 2850 2254 2913 anxii,
2327 2871 2455 2904 num

413 2930 544 2984 haec
582 2932 667 2984 vel
704 2931 798 2984 illa
835 2932 921 2985 lex
959 2932 1140 2986 valore
1178 2931 1352 2984 adhuc
1377 2931 1579 3000 polleat
1605 2945 1703 2979 nec
1729 2945 1809 2987 ne,
1852 2943 1956 2994 quo
1986 2926 2129 2977 facto
2156 2925 2454 2994 periculum

417 3009 560 3058 certe
607 3006 843 3076 adjacet,
894 3025 962 3059 ne
1003 3007 1184 3060 unitas
1225 3005 1492 3058 Ecclesiae
1531 3003 1587 3054 in
1627 3020 1684 3054 re
1723 2999 2039 3067 disciplinae
2080 2999 2452 3053 labefactetur.

413 3077 698 3132 Praeterea
746 3081 892 3151 leges
932 3080 1257 3134 recentiores
1296 3079 1564 3132 Ecclesiae
1604 3076 1659 3128 in
1701 3073 1996 3126 innumeris
2036 3073 2146 3126 fere
2187 3074 2454 3127 constitu-

416 3152 657 3206 tionibus
692 3159 746 3208 et
772 3155 1135 3208 decisionibus
1163 3155 1432 3223 dispersae
1460 3151 1831 3210 inveniuntur,
1867 3150 1943 3199 ita
1982 3153 2043 3200 ut
2071 3148 2240 3216 proba
2267 3166 2454 3200 eorum

415 3226 665 3292 scientia,
721 3229 1069 3297 perlustratis
1110 3228 1393 3281 uberrimis
1433 3225 1704 3287 fontibuS,
1752 3221 1913 3273 etiam
1954 3221 2282 3274 doctioribus
2321 3221 2452 3274 viris

415 3318 670 3370 perquam
709 3302 946 3356 difficilis
983 3303 1188 3356 evadat.

564 3374 903 3445 Quapropter
967 3377 1155 3431 Patres
1218 3377 1277 3429 in
1340 3375 1584 3429 Concilio
1650 3370 1967 3439 congregati
2028 3373 2323 3440 rogantur,
2389 3375 2452 3424 ut

415 3448 597 3518 aliqua
635 3450 860 3518 provida
897 3450 1254 3520 dispositione
1280 3450 1537 3513 efficiant,
1579 3446 1662 3500 vel
1702 3443 1954 3497 Sanctam
1982 3442 2169 3496 Sedem
2207 3449 2447 3508 exorent,

418 3527 480 3577 ut
530 3541 624 3592 per
674 3524 968 3577 nonnullos
1020 3525 1337 3578 celebriores
1402 3528 1456 3577 et
1514 3517 1924 3592 probatissimos
1993 3516 2273 3570 Canonum
2323 3517 2448 3571 doc-

416 3600 590 3662 tores,
649 3597 895 3651 lustratis
935 3599 1184 3652 omnibus
1223 3597 1492 3652 Ecclesiae
1530 3594 1756 3666 legibuS,
1797 3591 2024 3644 collectio
2062 3604 2313 3644 canonum
2354 3609 2448 3660 per
