2722 4146
571 282 636 338 32

1538 429 1644 516 ΙΙ.

1223 591 1585 655 Constitutio
1636 595 1938 656 Ecclesiae.

715 727 787 781 Et
824 744 880 778 re
921 725 1131 794 quidem
1170 742 1295 777 vera
1335 724 1584 779 Christus
1623 745 1734 779 non
1774 746 1940 779 unum
1980 725 2205 778 Petrum
2231 725 2414 796 elegit,
2456 725 2608 796 eique

570 808 738 856 totam
779 800 1187 852 ecclesiasticam
1228 804 1555 868 potestatem
1608 801 1863 865 contulit,
1917 801 2007 854 sed
2059 799 2341 852 duodecim
2391 818 2454 852 ex
2500 801 2607 854 dis-

569 876 755 944 cipulis
797 874 976 942 clegit,
1019 893 1152 942 quos
1194 879 1247 926 et
1287 873 1585 943 Apostolos
1625 875 1944 938 nominavit,
1985 874 2196 927 eosdem
2242 874 2373 927 fecit
2411 875 2607 943 praedi-

567 955 787 1011 catores,
830 948 1119 1017 magistros
1160 948 1470 1018 Evangelii:
1513 949 1718 1002 Emetes
1758 951 1961 1002 docete:
2013 949 2224 1001 eosdem
2266 949 2396 1002 fecit
2435 968 2608 1002 sacer-

567 1025 716 1075 dotes
759 1027 811 1075 et
853 1027 1127 1090 pastores:
1171 1022 1320 1074 Sicut
1360 1025 1509 1075 misit
1534 1043 1615 1076 mc
1636 1024 1816 1089 Pater,
1861 1030 1909 1077 et
1936 1042 2026 1091 690
2054 1025 2203 1076 mitto
2230 1041 2349 1076 vos:
2387 1026 2609 1090 accipite

569 1098 831 1162 Spiritum
871 1102 1143 1148 saucium:
1185 1114 1405 1163 quorum
1444 1100 1763 1151 remiseritis
1805 1105 2029 1166 peccata
2072 1143 2080 1152 .
2127 1140 2136 1149 .
2183 1138 2193 1149 .
2256 1116 2610 1166 quaecumque

563 1172 916 1238 «illique-eritis
957 1215 967 1225 .
1014 1210 1024 1222 .
1069 1215 1078 1224 .
1121 1171 1331 1222 eosdem
1358 1172 1486 1224 fecit
1514 1172 1866 1226 fundamenta
1893 1180 1949 1226 et
1973 1177 2209 1225 rectores
2238 1173 2603 1226 ecclesiarum:

563 1246 993 1311 superaedificati
1050 1262 1212 1310 super
1263 1246 1674 1311 fundamentum
1740 1248 2115 1314 Apostolorum
2169 1290 2178 1299 .
2233 1292 2241 1300 .
2297 1291 2306 1301 .
2370 1247 2607 1316 Spiritus

563 1323 779 1371 sanctus
820 1319 1004 1387 posuit
1043 1319 1340 1387 Episcopos
1379 1339 1564 1390 regere
1603 1321 1897 1374 Ecclesiam
1937 1322 2053 1374 Dei.
2135 1320 2236 1374 Sed
2263 1322 2341 1374 ita
2364 1322 2608 1375 Christus

567 1393 824 1445 Dominus
875 1392 1025 1446 dedit
1073 1392 1360 1462 Apostolis
1413 1398 1736 1463 potestatem
1790 1396 2127 1466 gubernandi
2182 1396 2491 1462 Ecclesiam,
2546 1401 2606 1448 ut

561 1472 737 1519 tamen
780 1467 943 1519 Petro
972 1467 1266 1520 contulerit
1293 1467 1652 1537 Apostolatus
1680 1471 1989 1539 primatum,
2019 1469 2380 1538 Apostolatus
2406 1470 2607 1539 princi-

563 1546 764 1609 patum,
810 1546 869 1594 ut
907 1541 984 1594 ait
1023 1541 1383 1611 Augustinus,
1462 1543 1608 1613 Ergo
1650 1563 1712 1596 ex
1752 1545 1868 1613 ipsa
1909 1545 2307 1598 constitutione
2338 1545 2606 1607 Ecclesiae,

563 1616 768 1684 qualem
810 1615 1059 1668 fundavit
1112 1616 1376 1680 Christus,
1431 1619 1642 1686 qualem
1694 1620 1851 1672 nobis
1903 1619 2161 1672 exhibent
2212 1619 2507 1689 Evangelia
2555 1623 2606 1671 et

564 1690 858 1741 communis
899 1708 1190 1742 consensus
1230 1690 1455 1743 Patrum
1495 1696 1550 1745 et
1589 1694 1873 1746 doctorum
1913 1693 2220 1762 explicavit,
2276 1698 2395 1750 tota
2434 1693 2606 1762 pleni-

562 1764 692 1816 tudo
735 1763 1112 1817 ecclesiasticae
1163 1767 1453 1834 potestatis
1504 1785 1614 1818 non
1667 1769 1866 1821 residet
1904 1769 1961 1819 in
2001 1787 2109 1820 uno
2152 1771 2205 1820 et
2254 1768 2370 1819 solo
2412 1768 2603 1821 Petro:

563 1838 650 1889 sed
692 1839 745 1889 in
789 1838 951 1890 Petro
991 1857 1100 1891 una
1141 1857 1261 1891 cum
1301 1838 1613 1908 Apostolis:
1655 1842 1856 1895 residet
1895 1843 1951 1894 111
1994 1842 2221 1911 collegio
2264 1841 2603 1911 Apostolico,

563 1915 710 1979 cujus
752 1912 944 1965 Petrus
984 1917 1067 1966 est
1106 1918 1282 1982 caput.

710 1986 793 2038 Ad
836 1987 1268 2040 constituendam
1298 1992 1465 2041 totam
1496 1990 1890 2058 plenitudinem
1917 1990 2289 2043 ecclesiasticae
2316 1991 2605 2059 potestatis

563 2079 670 2112 11011
732 2061 888 2113 modo
944 2061 1243 2130 requiritur
1295 2067 1410 2115 tota
1464 2064 1558 2116 illa
1611 2070 1867 2134 potestas,
1921 2084 2078 2134 quam
2136 2065 2386 2118 Christus
2440 2065 2604 2118 Petro

562 2135 813 2197 contulit,
874 2135 962 2187 sed
1023 2140 1076 2188 et
1129 2136 1224 2188 illa
1274 2138 1592 2206 requiritur,
1653 2158 1812 2208 quam
1870 2140 2007 2191 idem
2061 2139 2310 2192 Christus
2371 2140 2608 2192 contulit

563 2208 872 2277 Apostolis;
926 2209 990 2261 ad
1032 2211 1472 2264 constituendum
1525 2232 1834 2282 supremum
1881 2214 2144 2282 judicium
2196 2214 2450 2266 Ecclesiae
2497 2233 2605 2266 11011

563 2283 767 2335 sufficit
823 2287 942 2336 tota
1000 2283 1094 2336 illa
1151 2288 1410 2353 potestaS,
1470 2306 1628 2355 quam
1686 2287 1935 2340 Christus
1995 2289 2235 2341 contulit
2273 2288 2454 2352 Petr0,
2514 2288 2603 2339 sed

563 2375 771 2408 necesse
811 2362 908 2418 est,
949 2362 1009 2410 ut
1049 2362 1103 2410 et
1142 2359 1237 2411 illa
1295 2360 1476 2413 divina
1526 2366 1766 2430 potestas
1818 2366 2106 2415 concurrat
2157 2366 2212 2415 et
2264 2367 2602 2431 cooperetur,

563 2449 720 2498 quam
784 2431 920 2482 idem
987 2432 1235 2485 Christus
1300 2433 1583 2502 Apostolis
1649 2437 1928 2489 concessit.
2040 2437 2234 2490 Petrus
2298 2441 2361 2490 ut
2424 2440 2603 2505 caput,

567 2503 817 2571 Apostoli
858 2509 919 2557 ut
959 2507 1195 2558 membra
1234 2525 1346 2558 non
1387 2514 1620 2576 possunt
1658 2511 1869 2579 concipi
1912 2512 2147 2579 separati
2189 2515 2244 2564 et
2282 2511 2464 2563 divisi:
2506 2529 2605 2562 nec

565 2578 710 2629 solus
768 2577 961 2630 Petrus
1019 2587 1296 2648 separatus
1356 2600 1386 2632 a
1444 2583 1706 2634 fratribus
1765 2590 1847 2636 est
1896 2583 2153 2648 Ecclesia,
2213 2604 2311 2637 1100
2350 2584 2603 2654 Apostoli

563 2651 759 2702 divulsi
799 2671 829 2703 a
868 2651 1030 2704 Petro
1071 2671 1255 2705 eorum
1295 2655 1469 2723 capite
1509 2660 1639 2709 sunt
1677 2657 1928 2709 Ecclesia.
2007 2658 2246 2710 Ecclesia
2284 2661 2517 2712 resultat
2542 2677 2603 2710 ex

567 2724 765 2777 unione
805 2726 1059 2788 omnium,
1099 2726 1132 2778 i.
1174 2745 1216 2781 e.
1259 2746 1321 2779 ex
1362 2728 1562 2781 unione
1589 2731 1952 2782 membrorum
1979 2750 2095 2783 cum
2128 2733 2302 2800 capite
2330 2738 2384 2785 et
2413 2733 2605 2801 capitis

567 2817 686 2850 cum
728 2800 1006 2861 membris;
1050 2818 1147 2852 1100
1185 2802 1423 2854 membra
1462 2807 1696 2871 possunt
1747 2804 1926 2856 vivere
1975 2805 2143 2857 recisa
2179 2825 2209 2857 a
2261 2806 2453 2875 capite,
2507 2825 2605 2858 nec

565 2877 728 2941 caput
786 2877 968 2942 potest
1026 2874 1204 2926 vivere
1263 2881 1571 2945 separatum
1622 2897 1652 2929 a
1698 2879 1978 2931 membris:
2039 2880 2308 2948 quomotlo
2369 2881 2604 2934 membra.

566 2946 811 3016 indigent
852 2948 1043 3016 capite,
1094 2967 1125 3001 a
1164 2968 1270 3018 quo
1310 2955 1600 3020 regantur:
1649 2952 1727 3005 ita
1781 2957 1942 3021 caput
1991 2954 2203 3024 indiget
2252 2955 2520 3020 111011111113,
2573 2974 2603 3006 0

567 3021 757 3088 quibus
798 3022 1098 3091 adjuvetur.
1177 3023 1242 3075 ln
1280 3026 1620 3094 separatione
1661 3027 1853 3096 capitis
1892 3046 1923 3078 a
1950 3029 2199 3080 membris
2227 3033 2308 3082 est
2334 3048 2508 3092 niors3
2546 3029 2599 3080 111

570 3094 766 3146 111110110
807 3097 1000 3164 capitis
1041 3115 1161 3149 cum
1198 3099 1452 3151 membris
1491 3104 1573 3153 est
1612 3101 1742 3154 vita.

718 3167 974 3221 «Nullum
1026 3189 1220 3240 corpus
1272 3177 1355 3226 est
1405 3173 1504 3239 (ait
1556 3173 1740 3228 Sixtus
1779 3174 2033 3228 Pontifex
2072 3176 2225 3229 Rom.
2276 3177 2329 3229 in
2372 3176 2602 3246 epistola

568 3238 631 3290 ad
672 3241 966 3311 Episcopos
1006 3263 1101 3313 per
1140 3245 1462 3318 Illyricum),
1503 3249 1646 3317 quod
1685 3267 1782 3302 suo
1823 3249 1995 3318 capite
2033 3270 2143 3303 non
2182 3255 2419 3322 regatur.
2500 3249 2599 3303 Sed

570 3317 631 3365 ut
681 3331 837 3366 omne
877 3334 1068 3385 corpus
1108 3318 1511 3391 (Episcopatus)
1558 3323 1734 3391 capite
1783 3325 2011 3394 regitur,
2072 3326 2149 3379 ita
2205 3326 2382 3394 ipsum
2440 3330 2602 3394 caput

571 3386 747 3450 (Rom.
794 3388 1084 3459 Pontifex),
1124 3394 1230 3446 nisi
1280 3395 1639 3449 sustineretur
1691 3416 1722 3450 a
1760 3416 1858 3451 suo
1899 3415 2140 3467 corpore,
2195 3400 2507 3453 firmitatem
2546 3402 2601 3451 et

570 3460 808 3529 vigorem
849 3481 1003 3514 suum
1041 3466 1217 3532 perdit
1257 3473 1310 3522 et
1349 3488 1457 3522 non
1499 3474 1664 3531 tenet,
1704 3490 1861 3541 quam
1900 3471 2161 3528 habuerat
2211 3473 2597 3544 dignitatem»:

570 3533 603 3585 i.
646 3553 688 3588 e.
732 3534 968 3588 Ecclesia
1006 3540 1292 3593 secundum
1332 3543 1736 3598 institutionem
1777 3545 1979 3598 Christi
2018 3549 2247 3602 resultat
2297 3565 2360 3599 ex
2399 3546 2600 3599 unione

576 3606 964 3678 Episcoporum
1022 3629 1139 3663 cum
1198 3614 1348 3671 Rom.
1402 3617 1684 3682 Pontifice,
1743 3624 1797 3673 et
1852 3619 2082 3672 Romani
2141 3620 2423 3676 Pontificis
2480 3638 2598 3674 011111

575 3680 884 3751 Episcopis:
926 3683 1180 3755 Episcopi
1219 3692 1275 3740 et
1311 3690 1586 3745 Romanus
1609 3691 1863 3748 Pontifex
1889 3693 2049 3746 simul
2080 3695 2220 3749 uniti
2247 3700 2300 3750 et
2325 3693 2598 3766 conjuncti
