2722 4146
1270 255 1284 275 ⁸
2206 265 2286 328 ‘92⁷7

249 395 322 454 sit
360 399 685 472 hujusmodi,
744 406 808 457 ut
858 423 970 458 non
1022 407 1130 462 nisi
1181 411 1240 465 in
1280 407 1526 469 Concilio
1579 415 1908 471 oecumenico
1963 416 2195 473 tractari
2233 423 2289 474 et

249 475 397 527 finiri
448 481 628 545 queat,
686 477 789 530 hoc
838 480 1079 548 judicare
1131 488 1187 538 et
1242 505 1356 540 rem
1412 489 1479 542 ad
1533 489 1834 544 Concilium
1883 491 2120 559 deferre,
2177 513 2290 548 non

246 553 455 617 spectat
492 551 600 603 nisi
638 551 706 603 ad
744 551 899 605 Rom.
938 553 1272 613 Pontificem.
1566 583 1578 596 ·
2248 613 2251 614 γ

393 623 550 676 Unde
587 630 813 694 apparet
850 627 946 680 has
987 629 1117 684 duas
1157 633 1585 704 propositiones:
1625 639 1782 692 Rom.
1823 638 2082 694 Pontifex
2119 641 2283 696 habet

236 698 584 765 vpersonalem
623 704 679 752 et
715 719 746 751 a
783 703 904 754 tota
942 702 1182 759 Ecclesia
1219 709 1663 779 independentem
1702 732 2006 783 supremam
2057 719 2111 769 et
2149 715 2287 768 irre-

246 771 600 837 formabilem,
641 773 983 829 infallibilem
1009 782 1419 848 auctoritatem3
1460 790 1514 840 et
1539 788 1731 840 aliam:
1772 807 1804 840 a
1841 788 1995 843 Rom.
2018 788 2286 843 Pontifice

245 862 356 896 non
415 845 542 899 licet
599 848 874 916 appellare
923 852 989 903 ad
1046 857 1295 923 generale
1335 857 1651 927 Concilium,
1715 880 1826 915 esse
1883 863 2287 932 propositiones

249 918 550 983 distinctas,
594 926 647 974 et
688 922 942 990 diversas,
983 945 1080 979 nee
1121 930 1212 998 qui
1252 931 1497 987 admittit
1536 936 1839 1001 secundam,
1891 937 1994 990 hoc
2033 938 2152 1006 ipso
2192 939 2287 992 ad-

246 992 419 1045 mittit
458 995 714 1062 priman13
757 999 962 1065 pariter
1001 1001 1141 1055 hanc
1178 1005 1392 1058 tertiam
1434 1010 1894 1078 propositionem:
1940 1011 2118 1080 «Papa
2158 1030 2286 1065 con-

245 1065 369 1118 cilio
409 1069 650 1137 generali
690 1072 936 1139 superior
977 1079 1110 1140 est,»
1154 1096 1265 1130 esse
1303 1098 1334 1131 a
1372 1083 1547 1150 prima
1574 1084 1947 1152 propositione
1973 1085 2285 1139 distinctam

245 1143 300 1192 et
337 1141 617 1214 diversam,
658 1162 755 1196 nec
795 1146 888 1214 qui
928 1147 1066 1202 hane
1105 1153 1326 1206 tertiam
1364 1158 1797 1225 propositionem
1835 1159 2111 1218 admittit,
2164 1160 2284 1213 ideo

244 1214 397 1268 debet
436 1216 723 1270 admittere
762 1219 1005 1287 primam.

391 1289 464 1343 Et
515 1291 627 1344 haec
679 1294 858 1346 onmia
912 1296 1262 1353 desumsimus
1322 1320 1385 1354 ex
1437 1303 1547 1356 illis
1600 1305 1733 1358 locis
1786 1303 1838 1358 S.
1879 1304 2168 1372 Antonini,
2222 1308 2286 1360 de

244 1381 474 1431 quorum
513 1366 930 1422 authenticitate
967 1373 1118 1425 nulla
1145 1374 1252 1428 fuit
1278 1380 1426 1429 mota
1454 1380 1699 1446 quaestio,
1778 1380 1860 1431 Ex
1889 1382 2082 1448 quibus
2110 1382 2284 1434 omni-

244 1437 342 1489 bus
383 1440 744 1506 concluditur,
798 1462 1058 1498 asserere:
1120 1446 1171 1500 S.
1214 1447 1560 1504 Antoninum
1613 1453 1855 1506 docuisse
1906 1454 2070 1519 illam,
2126 1475 2285 1524 quam

243 1530 387 1563 1111110
426 1518 640 1578 vocant,
683 1516 842 1570 unius
883 1518 1037 1572 Rom.
1068 1521 1352 1576 Pontificis
1392 1528 1730 1593 personalem
1765 1531 1818 1580 et
1843 1547 1874 1579 a
1899 1531 2019 1582 tota
2046 1530 2285 1582 Ecclesia

242 1585 690 1654 independentem
730 1610 1034 1659 supremam
1075 1600 1128 1648 et
1167 1596 1512 1652 infallibilem
1551 1601 1948 1666 auctoritatem,
2003 1603 2144 1655 idem
2184 1608 2282 1667 est,

244 1677 304 1711 ac
344 1661 563 1725 violare,
605 1683 717 1716 non
758 1665 928 1718 dicam
955 1668 1098 1738 leges
1139 1689 1282 1725 sanae
1321 1672 1809 1742 interpretationis,
1851 1676 1943 1728 sed
1967 1675 2110 1745 ipsas
2137 1678 2283 1748 leges

241 1737 620 1803 grammaticae,
678 1740 850 1792 verbis
890 1741 998 1793 vim
1038 1743 1265 1810 inferre,
1319 1747 1581 1818 affingere
1631 1753 1818 1803 sancto
1858 1749 2283 1820 Archiepiscopo

243 1811 568 1862 sententiam
608 1815 936 1867 contrariam
962 1816 1063 1883 illi,
1105 1837 1265 1888 quam
1303 1822 1468 1875 toties
1506 1823 1893 1894 propugnavit,
1919 1826 2284 1893 pronunciare

242 1883 589 1938 manifestum
628 1888 982 1942 mendacium.

391 1958 542 2020 Quod
599 1961 643 2012 si
694 1960 746 2014 S.
787 1962 1106 2019 Antoninus
1157 1986 1323 2037 agens
1376 1970 1439 2022 de
1487 1970 1909 2025 Canonizatione
1960 1971 2283 2026 Sanctorum

244 2030 401 2095 dicit,
455 2052 509 2085 se
549 2035 856 2090 existimare
907 2039 1222 2094 haereticum
1261 2062 1373 2097 esse
1422 2063 1657 2098 asserere
1695 2046 1898 2115 Papam
1951 2046 2007 2099 in
2061 2047 2286 2100 solemni

245 2106 654 2161 canonizatione
695 2109 1020 2165 Sanctorum
1061 2133 1238 2169 errare
1276 2137 1451 2187 posse,
1492 2120 2027 2174 animadvertendum
2067 2125 2164 2185 est,
2207 2122 2284 2174 ibi

243 2179 465 2248 inquiri,
506 2202 576 2235 an
616 2183 857 2238 Ecclesia
914 2187 970 2239 in
1031 2192 1442 2246 canonizatione
1483 2192 1807 2247 Sanctorum
1864 2213 2043 2248 errare
2081 2196 2282 2265 possit3

244 2253 472 2323 ideoque
527 2259 959 2327 propositionem
1011 2262 1063 2316 S.
1116 2263 1391 2318 Antonini
1450 2268 1590 2320 hanc
1647 2286 1787 2321 esse:
1855 2269 2149 2322 Ecclesiam
2197 2271 2283 2323 vel

244 2327 467 2397 Papam,
524 2332 616 2400 qui
667 2333 724 2384 in
778 2335 877 2387 hac
927 2338 1141 2390 actione
1179 2339 1472 2394 Ecclesiam
1521 2346 1896 2411 repraesentat,
1955 2362 2132 2396 errare
2170 2363 2285 2397 non

241 2420 414 2470 posse.
495 2404 742 2458 Ceterum
779 2409 975 2462 mirum
1013 2412 1150 2464 illud
1189 2418 1286 2479 est,
1327 2415 1493 2468 fuisse
1517 2417 1820 2486 theologOS,
1863 2417 1956 2485 qui
1993 2418 2071 2471 ita
2109 2418 2282 2471 inter-

241 2478 443 2544 pretati
471 2483 602 2533 sunt
628 2479 679 2533 S.
709 2480 1070 2550 Antoninum,
1112 2491 1174 2540 ut
1199 2507 1312 2540 non
1339 2507 1403 2541 ex
1432 2490 1591 2542 elaris
1631 2494 1686 2543 et
1725 2491 2028 2544 manifestis
2057 2493 2284 2545 obscura

241 2554 296 2603 et
346 2550 769 2609 indeterminata
807 2559 1110 2626 explicent,
1170 2562 1262 2614 sed
1311 2581 1375 2615 ex
1428 2563 1668 2616 obscuris
1726 2568 1780 2617 et
1829 2565 2281 2631 indeterminatis,

240 2643 358 2693 quae
398 2626 703 2681 incidenter
756 2630 901 2684 diota
940 2637 1086 2697 sunt,
1129 2652 1189 2687 ea
1223 2654 1342 2704 quae
1378 2638 1534 2703 clare,
1576 2638 1799 2708 praecise
1838 2643 1891 2692 et
1931 2658 1995 2692 ex
2034 2641 2279 2709 professo

241 2702 474 2753 tractata
513 2706 657 2768 sunt,
699 2705 966 2774 explicare
1004 2708 1270 2762 nitantur.

387 2773 443 2828 S.
488 2776 717 2831 Thomas
757 2778 858 2849 Aq.
903 2786 950 2834 2.
983 2785 1031 2834 2.
1074 2801 1123 2851 q.
1161 2789 1183 2835 1
1227 2803 1273 2836 a.
1309 2788 1373 2838 10
1413 2784 1520 2850 ait,
1575 2787 1675 2838 «ad
1714 2787 1861 2839 illius
1901 2787 2278 2840 auctoritatem

242 2851 482 2916 spectare
519 2851 808 2906 editionem
848 2856 1097 2923 symboli,
1148 2858 1214 2910 ad
1254 2861 1404 2928 cujus
1431 2861 1815 2913 auctoritatem
1854 2862 2092 2929 pertinet
2143 2862 2278 2912 fina-

241 2921 367 2975 liter
406 2924 761 2980 determinare
801 2946 877 2994 ea,
919 2948 1039 2998 quae
1078 2935 1207 2984 sunt
1246 2932 1388 2996 fidei,
1443 2937 1506 2986 ut
1543 2935 1609 2986 ab
1662 2934 1909 2986 omnibus
1961 2934 2280 2987 inconcussa

241 2995 344 3048 fide
383 3000 723 3066 teneantur,»
766 3002 801 3057 i.
844 3021 886 3056 e.
927 3004 994 3056 ad
1034 3003 1188 3057 Rom.
1231 3006 1564 3059 Pontificem.
1620 3007 1747 3069 Quae
1802 3011 1862 3059 ut
1901 3007 2279 3077 intelligantur

241 3069 775 3129 animadvertendum
830 3081 939 3142 est,
1007 3077 1058 3130 S.
1101 3078 1389 3144 Thomam,
1455 3081 1668 3148 quando
1720 3080 1875 3144 dicit,
1936 3085 2176 3149 spectare
2214 3082 2279 3134 ad

240 3146 624 3200 auctoritatem
648 3150 804 3203 Rom.
833 3151 1114 3205 Pontificis
1155 3154 1386 3222 symboli
1426 3155 1728 3218 editionem,
1770 3155 2052 3207 excludere
2078 3156 2276 3220 fideles,

241 3217 538 3289 Episcopos
577 3223 852 3294 singulos,
907 3226 997 3278 sed
1046 3245 1159 3278 non
1210 3227 1488 3280 excludere
1528 3227 1837 3280 Ecclesiam.
1917 3228 2055 3281 Nam
2094 3229 2152 3281 in
2191 3248 2277 3282 re-

241 3292 532 3360 sponsione
571 3297 638 3348 ad
676 3300 971 3352 secundum
1009 3300 1102 3364 ait,
1143 3301 1584 3369 prohibitionem,
1626 3306 1681 3354 et
1709 3302 2036 3355 sententiam
2063 3304 2275 3372 synodi,

242 3382 310 3416 ne
347 3365 444 3419 fiat
469 3386 610 3421 nova
649 3372 812 3426 editio
853 3374 1099 3442 symboli,
1147 3378 1204 3427 1⁰
1235 3393 1288 3427 se
1315 3375 1601 3427 extendere
1639 3376 1706 3427 ad
1731 3375 1975 3444 privatas
2003 3396 2274 3446 personas,

226 3455 355 3491 -non
392 3458 519 3493 vero
557 3443 624 3495 ad
663 3447 929 3513 synodum
967 3447 1346 3500 oecumenicam
1383 3449 1468 3500 vel
1507 3449 1574 3500 ad
1599 3449 1917 3503 Pontificem
1959 3453 2110 3520 eujus
2150 3468 2275 3502 auc-

243 3512 470 3566 toritate
527 3519 766 3583 synodus
823 3525 1188 3591 congregatur
1245 3525 1299 3574 et
1356 3522 1726 3578 confirmatur.
1821 3525 1883 3576 2⁰
1935 3523 1986 3579 S.
2042 3524 2274 3576 Thomas

243 3584 403 3651 dicit,
445 3587 549 3641 hoc
587 3597 827 3660 spectare
877 3597 944 3648 ad
981 3594 1362 3647 auctoritatem
1406 3595 1704 3661 pontificis,
1765 3598 1855 3651 sed
1907 3598 2058 3649 nullo
2117 3596 2274 3648 modo

226 3659 396 3726 dicit,
437 3667 678 3732 spectare
715 3668 782 3721 ad
831 3668 1167 3740 personalem
1214 3671 1268 3722 et
1315 3687 1348 3720 a
1384 3672 1504 3723 tota
1542 3670 1779 3725 Ecclesia
1830 3670 2274 3739 independentem

1920 3761 1946 3803 7
