2722 4146
2143 279 2218 333 63

173 426 627 500 Archiepiscopus
678 423 1233 498 Constantinopoleos
1273 426 1442 482 dixit:
1493 424 1794 498 Inspiciens
1852 443 2065 481 omnem
2102 427 2216 481 vir-

175 509 348 559 tutem
407 503 463 571 (i.
519 522 562 556 e.
622 503 1079 572 significationem
1133 522 1195 556 ac
1230 503 1380 568 'vim)
1440 502 1852 574 suggestionum
1917 519 2102 555 earum
2158 506 2214 556 et

172 583 421 648 scrutans
461 579 631 630 libros
689 581 1002 630 sanctorum
1060 581 1114 630 et
1170 577 1543 647 probabilium‘
1592 577 1818 631 Patrum
1859 617 1871 628 .
1915 617 1927 629 .
1970 616 1983 629 .
2031 575 2216 630 inveni

173 657 366 706 cuncta
422 650 737 706 testimonia
793 655 1106 705 sanctorum
1163 657 1217 706 et
1275 652 1641 721 probabilium
1680 651 1923 715 Patrum,
1983 669 2102 720 quae
2154 650 2215 702 in

173 728 368 780 eisdem
408 724 845 796 suggestionibus
888 727 1256 791 continentur,
1309 726 1665 780 consonantia
1714 729 1769 779 et
1807 725 1866 778 in
1904 725 2058 778 nullo
2105 724 2215 777 dis-

174 801 451 871 crepantia
489 819 520 852 a
559 799 762 852 sanctis
805 804 859 853 et
896 801 1270 870 probabilibus
1309 800 1581 865 Patribus,
1623 804 1679 854 et
1704 799 1986 854 consentio
2026 800 2120 865 eis,
2161 802 2216 852 et

173 876 248 928 sic
286 875 547 945 profiteor
587 878 640 926 et
681 874 854 927 cred0.

320 948 464 1001 Alii:
523 947 715 1000 Inveni
754 967 843 1001 eas
901 949 961 1001 in
1000 949 1152 1002 nullo
1211 949 1484 1002 adversari
1543 948 1743 1001 sanctis
1799 947 2072 1002 Patribus,
2150 946 2217 999 In

174 1042 294 1076 eum
333 1041 548 1076 sensum
589 1041 773 1075 omnes
812 1023 1095 1094 sigillatim
1134 1023 1352 1076 dicunt:
1396 1027 1450 1076 et
1491 1027 1682 1076 contra
1721 1022 2018 1075 Macarium
2055 1039 2216 1075 vene-

173 1098 396 1150 rabilem
437 1096 921 1166 Archiepiscopum
960 1096 1270 1150 Antiochiae
1309 1101 1490 1151 actum
1530 1101 1627 1161 est,
1669 1098 1796 1166 quia
1834 1097 1941 1150 ait:
1986 1095 2218 1150 «Sancta

174 1171 421 1240 Synodus
479 1191 590 1224 non
650 1172 923 1225 consentit
975 1171 1175 1226 virtuti
1231 1172 1556 1224 directarum
1616 1171 2042 1224 orthodoxarum
2088 1189 2216 1241 sug-

173 1246 481 1317 gestionum
518 1247 584 1298 ab
624 1244 915 1315 Agathone
954 1247 1293 1300 sanctissimo
1344 1245 1491 1316 Papa
1542 1245 1805 1310 RomanO,
1859 1263 1977 1314 quae
2011 1247 2123 1314 jam
2161 1249 2216 1297 et

174 1339 353 1373 coram
391 1324 572 1372 vestra
610 1319 816 1373 Pietate
854 1321 1067 1374 relectae
1107 1325 1251 1387 sunt,
1302 1323 1357 1373 et
1397 1339 1531 1390 quas
1582 1338 1767 1372 omnes
1818 1319 2215 1373 consentientes

173 1399 328 1465 grate
368 1394 748 1463 suscepimus.»

323 1467 712 1521 Constantinus
751 1469 1054 1538 Imperator
1093 1469 1324 1538 epistola
1361 1467 1565 1521 directa
1590 1468 1657 1520 ad
1685 1468 1953 1536 synodum
1978 1466 2217 1536 Aposto-

173 1542 289 1595 licae
341 1543 477 1595 sedis
529 1543 768 1611 antiquae
807 1543 993 1596 Romae
1042 1562 1138 1612 per
1186 1543 1414 1606 eosdem,
1468 1542 1561 1611 qui
1599 1542 1753 1594 illinc
1791 1542 1940 1594 missi
1999 1541 2219 1594 fuerant

174 1617 240 1668 ad
300 1617 584 1684 synodum,
646 1618 725 1670 ita
778 1618 1053 1686 loquitur3
1117 1616 1486 1670 «Interfuistis
1543 1635 1775 1686 namque
1831 1620 1887 1669 et
1941 1634 2037 1668 vos
2097 1634 2218 1668 cum

177 1690 469 1742 universali
510 1691 756 1760 principe
784 1691 1080 1755 Pastorum,
1123 1691 1285 1744 simul
1324 1709 1444 1743 cum
1483 1690 1601 1759 ipso
1642 1691 1906 1744 divinitus
1932 1690 2218 1760 loquentes

174 1770 286 1817 tam
327 1765 384 1816 in
423 1765 622 1834 spiritu
662 1784 928 1834 quamque
967 1766 1143 1818 litera.
1225 1764 1568 1834 Suscepimus
1610 1765 1755 1817 enim
1781 1783 1812 1817 a
1840 1764 2218 1818 Sanctitudine

173 1843 354 1892 vestra
413 1839 641 1891 directas
700 1840 855 1892 nobis
915 1840 1102 1893 literas
1145 1839 1518 1911 (Agathonis),
1578 1857 1696 1908 quae
1742 1840 2002 1909 probatae,
2063 1839 2217 1892 lectae

173 1919 301 1966 sunt
358 1917 412 1966 et
468 1914 717 1966 veritatis
776 1933 962 1966 verum
1021 1916 1227 1983 stylum
1285 1915 1698 1967 declaraverunt
1755 1914 2218 1982 orthodoxamque

173 1988 332 2040 fidem
371 1988 749 2056 depinxerunt.

324 2062 475 2115 Totae
525 2063 669 2114 enim
709 2063 1091 2116 convenienter
1131 2066 1185 2116 et
1234 2081 1347 2115 non
1386 2062 1697 2115 differenter
1735 2061 1928 2131 positae
1984 2065 2112 2114 sunt
2150 2061 2216 2113 ad

176 2136 562 2190 imitationem:
605 2141 660 2190 et
697 2142 807 2190 tam
847 2137 1136 2206 synodicis,
1193 2155 1352 2206 quam
1405 2142 1460 2190 et
1498 2137 1739 2205 paternis
1779 2136 2039 2188 doctrinis
2087 2153 2215 2188 con-

175 2211 438 2264 sentiunt.
515 2209 702 2280 Neque
761 2212 902 2263 enim
959 2212 1311 2282 negleximuS,
1371 2211 1459 2263 sed
1500 2211 1815 2280 diligentius
1873 2228 1958 2262 eas
2017 2228 2216 2278 expen-

175 2285 372 2338 dimus:
414 2285 615 2337 idcirco
657 2290 710 2338 et
752 2304 935 2338 omnes
975 2289 1336 2338 consonanter
1375 2289 1555 2337 mente
1595 2289 1649 2338 et
1699 2285 1889 2354 lingua
1940 2284 2216 2336 concredi-

175 2359 350 2412 dimus
391 2363 443 2411 et
484 2359 735 2412 similiter
777 2360 1007 2412 confessi
1046 2377 1258 2413 sumus:
1300 2363 1354 2412 et
1382 2363 1640 2427 tanquam
1665 2358 1835 2427 ipsius
1868 2357 2036 2410 divini
2063 2358 2216 2410 Petri

175 2452 374 2497 vocem,
415 2431 729 2503 Agathonis
768 2434 1086 2488 relationem
1126 2433 1473 2503 supermirati
1526 2451 1759 2486 sumus.»
1844 2431 2043 2499 (Mansi
2082 2436 2212 2485 tom.

176 2507 270 2561 XI.
312 2525 432 2577 pag.
478 2507 622 2577 722.)

326 2582 411 2634 En
451 2581 718 2650 quomodo
768 2582 956 2635 Patres
1009 2601 1123 2635 non
1173 2581 1512 2634 censentiant
1551 2581 1609 2633 in
1648 2581 1852 2650 scripta
1890 2579 2214 2651 AgathoniS,

178 2656 284 2709 nisi
322 2660 611 2725 postquam
649 2656 1040 2725 perspexerint,
1081 2656 1140 2708 in
1179 2655 1332 2708 nullo
1372 2656 1438 2708 ab
1477 2655 1776 2724 apostolica
1829 2658 1885 2708 et
1924 2655 2216 2707 universali

178 2731 425 2783 doctrina
463 2731 792 2799 discrepare:
846 2749 946 2783 nec
981 2730 1243 2783 instituto
1283 2729 1523 2782 examine
1563 2731 1805 2799 probatae
1856 2732 1911 2782 et
1955 2733 2216 2798 susceptae

179 2806 291 2857 sint
329 2805 573 2874 epistolae
613 2803 799 2858 Sancti
838 2804 1148 2876 Agathonis
1190 2809 1243 2858 et
1283 2804 1475 2873 synodi
1514 2805 1688 2857 totius
1709 2803 2081 2856 Occidentalis
2143 2802 2215 2854 Et

179 2880 282 2931 hoc
309 2882 436 2931 cur?
480 2879 606 2948 quia
646 2898 958 2948 persuasum
999 2879 1130 2948 ipsis
1169 2882 1302 2942 erat,
1331 2897 1443 2930 non
1474 2878 1581 2930 nisi
1609 2878 1666 2930 in
1694 2877 1934 2929 unanimi
1955 2876 2213 2946 suffragio

179 2953 334 3006 Rom.
378 2953 658 3006 Pontificis
700 2972 819 3006 cum
859 2954 1110 3006 universa
1134 2953 1374 3005 Ecclesia
1400 2952 1722 3004 collocatum
1747 2951 1912 3003 fuisse
1939 2968 1969 3001 a
1997 2949 2213 3003 Christo

183 3045 442 3080 summam
481 3027 829 3081 ecclesiastici
867 3027 1171 3098 magisterii
1211 3030 1264 3080 et
1297 3025 1504 3096 judicii.
2138 3066 2141 3069 .

269 3123 272 3126 ·
329 3101 472 3154 Idem
513 3101 816 3171 Imperator
869 3101 1262 3155 Constantinus
1313 3100 1379 3152 ad
1430 3099 1662 3151 Leonem
1715 3096 2112 3150 sanctissimum
2160 3101 2214 3149 et

183 3175 552 3228 beatissimum
589 3176 787 3246 Papam
827 3176 1053 3229 senioris
1091 3175 1294 3239 Romae,
1348 3173 1579 3243 epistola
1627 3171 1788 3224 missa
1825 3189 1920 3240 per
1961 3189 2069 3235 eOS,
2121 3170 2215 3239 qui

185 3248 338 3300 illinc
377 3249 570 3302 directi
606 3254 762 3303 erant
800 3270 831 3303 a
870 3249 1164 3319 superstite
1203 3248 1492 3319 Agathone
1532 3265 1572 3298 8.
1613 3263 1797 3298 mem.:
1853 3245 1986 3297 Cum
2024 3244 2215 3315 Legati

182 3321 238 3375 S.
310 3321 616 3407 Agathonis
681 3325 1006 3378 obtulissent
1073 3323 1477 3393 suggestionem
1544 3318 1595 3372 S.
1662 3319 1822 3388 Papae
1884 3318 2213 3389 AgathoniS,

186 3414 407 3464 eamque
458 3396 800 3465 jussissemus
863 3397 1146 3451 «omnibus
1199 3394 1545 3449 audientibus
1602 3393 1837 3458 recitari,
1907 3411 2051 3447 sanae
2117 3410 2215 3445 nec

185 3470 503 3522 adulteratae
541 3470 667 3522 fidei
706 3471 1064 3525 characterem
1104 3471 1161 3523 in
1201 3489 1260 3522 ea
1298 3467 1680 3538 perspeximus.
1757 3467 2040 3537 Perpensis
2073 3467 2214 3519 enim

187 3543 499 3613 Evangeliis
557 3547 610 3596 et
648 3547 961 3614 apostolicis
1001 3545 1237 3607 vocibUS,
1296 3542 1727 3612 comparatisque
1785 3560 1905 3595 cum
1955 3541 2072 3610 ipsa
2128 3540 2213 3604 iis,

187 3635 306 3687 quae
343 3636 375 3670 a
412 3617 612 3670 sanctis
652 3623 707 3671 et
743 3619 1136 3673 universalibus
1176 3616 1428 3671 Conciliis
1467 3619 1675 3670 statuta
1711 3634 1774 3669 ac
1810 3615 2035 3668 definita
2059 3615 2213 3666 sunt:

131 3725 134 3728 -
189 3691 402 3745 collatis
439 3694 700 3761 praeterea
736 3693 1080 3759 testimoniiS,
1127 3709 1247 3762 quae
1283 3691 1554 3757 afferebat,
1589 3709 1711 3744 cum
1748 3689 1990 3760 paternis
2027 3687 2213 3752 libris3
