2612 4062
842 540 847 546 ι
1058 432 1532 505 INDIOULUS
1586 434 1897 507 RERUM

721 575 917 640 QUAE
962 576 1043 629 IN
1081 576 1230 631 HAc
1271 577 1638 632 coNCIONE
1688 579 2230 634 CONTINENTUR.

651 889 874 943 Occasio
915 890 1208 944 concionis,

565 980 606 1032 Ι.
651 979 1103 1033 Observationum
1145 980 1431 1050 scriptoris
1470 981 1751 1034 vindiciae.

535 1068 606 1121 II.
646 1068 967 1122 Jurisdictio
1007 1070 1383 1138 apostolorum
1424 1071 1744 1124 universalis
1784 1071 1957 1123 adhuc
2007 1071 2063 1122 in
2112 1088 2336 1138 corpore
2387 1069 2501 1138 epi-

650 1162 938 1213 scoporum
977 1147 1175 1197 manet.

506 1231 605 1285 III.
647 1232 919 1286 Primatus
959 1232 1192 1285 Romani
1233 1231 1516 1286 Pontificis
1569 1234 1919 1303 probationes
1959 1232 2387 1301 scripturisticae
2436 1232 2502 1284 ad

650 1307 917 1359 trutinam
955 1311 1252 1361 revocatae.

514 1396 610 1449 IV.
652 1396 709 1449 F.
752 1396 810 1450 P.
852 1395 1109 1459 Kenrick,
1161 1395 1575 1466 Archiepiscopi
1615 1397 1744 1450 olim
1783 1395 2216 1461 BaltimorensiS‚
2258 1395 2320 1447 de
2359 1394 2503 1448 Pon-

649 1471 818 1524 tificia
858 1471 1254 1525 infallibilitate
1294 1471 1579 1524 sententia.

542 1561 609 1615 V.
650 1561 920 1613 Ecclesiae
960 1561 1230 1630 dispersae
1268 1579 1532 1614 assensus

508 1650 604 1703 VI.
646 1649 719 1701 M.
760 1650 802 1702 I.
847 1649 1129 1720 Spalding,
1171 1654 1295 1703 actu
1337 1649 1748 1719 Archiepiscopi
1787 1649 2218 1712 BaltimorensiS‚
2259 1648 2323 1701 de
2360 1649 2504 1702 Pon-

648 1725 819 1777 tificia
857 1724 1261 1778 Infallibilitate
1301 1743 1436 1794 quae
1479 1725 1608 1777 olim
1647 1725 1827 1777 fuerat
1864 1723 2150 1777 sententia.

478 1813 603 1867 VII.
644 1813 1059 1882 Archiepiscopi
1098 1813 1699 1866 Westmonastcriensis
1741 1812 1957 1866 Concio.
2036 1811 2331 1864 Doctrinae
2378 1810 2503 1862 fidei

650 1893 704 1942 et
744 1888 1021 1942 doctrinae
1062 1888 1358 1941 catholicae
1410 1888 1531 1940 fidei
1585 1888 1735 1940 nulla
1786 1885 2160 1940 substantialis
2207 1885 2503 1938 distinctio,

457 1977 609 2030 VIII.
651 1977 942 2030 Pontificia
981 1977 1356 2030 Infallibilitas
1395 1996 1507 2030 non
1547 1977 1748 2030 tradita
1787 1980 1869 2029 est
1909 1979 1970 2030 ut
1992 1974 2242 2028 doctrina
2283 1974 2406 2027 fidei
2447 1974 2502 2026 in

651 2050 870 2122 Anglia‚
911 2051 1175 2104 Hibernia
1213 2055 1308 2105 aut
1349 2050 1592 2105 Statibus
1632 2051 1816 2104 Unitis
1855 2049 2153 2103 Americae.

466 2205 471 2210 .
517 2139 611 2194 IX.
654 2140 818 2194 Casus
859 2140 1100 2196 MoraliS.

545 2229 610 2284 X.
654 2230 931 2284 Charisma
969 2231 1394 2284 infallibilitatis.

518 2309 611 2374 XI.
652 2320 1097 2375 Additamentum
1135 2321 1201 2373 ad
1239 2320 1528 2374 Decretum
1567 2320 1797 2390 primum
1841 2319 1904 2372 de
1945 2318 2088 2371 Fide.

459 2410 762 2464 Conclusio.

458 2499 817 2570 Appendices.

457 2589 523 2643 A.
566 2590 896 2660 Excerptum
936 2609 1000 2643 ex
1041 2590 1506 2643 observationibus
1547 2588 1974 2642 Concionatoris.

457 2679 518 2733 B.
559 2679 1028 2751 Interrogationes
1049 2684 1103 2733 et
1123 2680 1402 2749 Responsa
1429 2697 1604 2731 coram
1631 2677 1900 2730 Comitatu
1932 2675 2259 2728 parlamenti
2281 2673 2502 2743 Anglici

557 2755 621 2807 A.
651 2754 717 2807 D.
769 2759 902 2808 1825
944 2754 1117 2808 factae
1157 2758 1211 2808 et
1250 2754 1391 2806 data.

459 2843 514 2898 C.
556 2843 764 2898 Placita
822 2844 1063 2897 omnium
1121 2843 1497 2913 episcoporum
1553 2839 1971 2893 Hibernensium
2028 2838 2083 2890 in
2143 2841 2300 2891 coetu
2363 2840 2501 2890 1815

556 2919 784 2972 Dublini
822 2919 1024 2983 habita,
1066 2919 1178 2971 lata
1217 2922 1272 2971 et
1309 2916 1628 2985 subscripta.

459 3009 524 3062 D.
565 3009 900 3062 Testimonia
938 3007 1214 3061 Ambrosii
1253 3012 1309 3061 et
1346 3006 1555 3059 Irenaei
1607 3005 1672 3058 dc
1712 3004 1927 3057 Christo
1979 3003 2154 3071 primo
2194 3001 2361 3055 Matri
2406 3020 2503 3070 ap-

559 3087 782 3152 parente
820 3088 948 3153 post
985 3082 1471 3145 Resurrectionem,
1511 3099 1575 3133 ex
1615 3081 1880 3132 lectorum
1919 3077 2210 3130 oscitantia
2244 3075 2501 3129 derivata.

462 3172 522 3224 Ε.
559 3172 858 3225 Concilium
900 3172 1294 3226 Baltimorense
1334 3170 1636 3240 plenarium
1673 3167 1980 3221 secundum.

463 3259 520 3314 F.
563 3261 857 3331 Deputatio
898 3260 962 3314 de
1001 3260 1147 3314 Fide.
