2722 4146
2189 252 2259 308 71

222 391 623 458 repraesentatae
663 408 978 459 persuasum
1017 391 1200 458 fuerit,
1241 414 1354 450 non
1394 393 1489 449 uni
1516 394 1670 452 Rom.
1706 395 1964 450 Pontifici
2003 396 2264 468 indepen-

221 463 408 516 denter
466 483 497 516 a
537 465 647 518 suis
705 464 969 519 fratribus
1026 469 1227 536 agenti,
1290 471 1383 523 sed
1440 471 1706 524 universae
1753 469 2006 526 Ecclesiae
2064 490 2264 529 convo-

221 537 422 590 cationi
478 542 534 591 et
583 539 842 608 suffragio
898 542 1224 608 promissum
1280 544 1445 597 fuisse
1503 545 1791 598 a.Christo
1848 563 2151 614 supremam
2209 552 2263 603 et

220 611 560 665 infallibilem
615 613 1017 679 auctoritatem,
1077 620 1228 685 patet
1268 636 1480 687 quoque
1538 637 1603 672 ex
1659 619 1839 684 modo,
1899 638 2008 688 quo
2065 620 2262 692 incipit

218 690 404 739 sancta
443 686 682 755 synodus
722 687 1119 750 definitionem:
1165 692 1301 755 «Qui
1340 694 1529 758 lucem,
1570 693 1784 762 incipit,
1824 694 2123 763 agnitionis
2150 715 2262 753 suae

219 760 376 813 nobis
415 761 656 824 donavit,
708 765 763 814 et
812 780 843 814 a
880 764 1120 818 tenebris
1171 765 1443 820 idolorum
1491 786 1551 820 ac
1604 767 1816 820 insania
1866 787 1966 821 nos
2017 769 2259 837 redemit,

219 834 468 888 Christus
505 835 711 888 scilicet
733 836 877 889 Deus
915 842 1118 902 noster,
1160 839 1484 909 desponsata
1522 841 1625 894 sibi
1664 845 1850 895 sancta
1876 862 1972 895 sua
1997 843 2262 899 catholica

218 908 457 962 Ecclesia
496 928 609 962 non
648 910 880 964 habente
919 914 1182 965 maculam
1221 933 1320 967 nec
1345 934 1552 985 rugam,
1593 917 1726 969 hanc
1751 934 1806 969 se
1832 923 2261 972 conservaturum

207 984 491 1049 promisit;
528 985 836 1053 sanctisque
875 985 1153 1055 discipulis
1194 989 1305 1041 suis
1343 991 1680 1043 asseverabat
1719 990 1928 1044 dicens:
1981 991 2259 1050 Vobiscum

216 1075 334 1112 sum
383 1058 625 1112 omnibns
678 1059 862 1113 diebus
912 1077 1076 1127 usque
1126 1062 1197 1114 ad
1235 1065 1732 1118 consummationem
1783 1066 1998 1121 saeculi.
2077 1067 2255 1122 Porro

218 1131 354 1185 hanc
391 1133 865 1201 repromissionem
905 1153 1018 1187 non
1059 1137 1234 1189 solum
1284 1137 1393 1190 illis
1433 1137 1673 1202 donavit,
1728 1140 1822 1192 sed
1858 1144 1908 1192 et
1944 1141 2109 1205 nobis,
2165 1143 2258 1211 qui

216 1225 310 1275 per
350 1225 440 1259 008
482 1207 805 1261 credidimus
858 1209 917 1261 in
967 1210 1185 1263 nomine
1235 1211 1414 1280 Ipsius
1456 1256 1466 1266 .
1512 1253 1524 1266 .
1566 1254 1577 1265 .
1633 1212 1863 1282 Propter
1915 1215 2060 1283 quod
2111 1215 2257 1271 Deus

215 1299 327 1334 non
366 1281 543 1334 ferens
583 1283 786 1335 intueri
825 1284 890 1336 ab
929 1283 1237 1353 hujusmodi
1277 1284 1593 1355 (haereticis)
1635 1287 1776 1355 pesti
1816 1290 2090 1358 corrumpi
2130 1291 2256 1343 sub-

216 1354 358 1408 ditos
398 1375 539 1420 81108,
581 1376 679 1410 1108
719 1358 1005 1411 sacerdotii
1043 1359 1319 1428 principes
1359 1361 1696 1429 beneplacito
1737 1381 1833 1415 suo
1862 1363 2098 1432 undique
2126 1383 2256 1418 con-

215 1430 430 1483 vocavit
469 1430 652 1484 divino
694 1432 808 1484 zelo
836 1436 890 1485 et
928 1436 1067 1485 nutu
1126 1433 1476 1487 Constantini
1528 1437 1582 1486 et
1631 1435 1804 1489 Irenae
1854 1436 2254 1505 Imperatorum

214 1507 530 1558 nostrorum
567 1506 855 1568 adductos;
898 1510 1162 1575 quatenus
1202 1508 1389 1560 deifica
1430 1508 1711 1562 catholicae
1726 1510 1988 1563 Ecclesiae
2026 1513 2253 1567 traditio

214 1580 474 1631 communi
511 1580 713 1633 decreto
753 1581 979 1649 recipiat
1018 1582 1347 1635 firmitatem.
1420 1582 1602 1652 ,Igitur
1641 1601 1760 1635 cum
1787 1585 1936 1636 omni
1974 1585 2255 1657 diligentia

214 1657 634 1720 perscrutanteS,
675 1655 1010 1708 discutantes
1050 1659 1104 1708 et
1130 1656 1488 1709 intentionem
1513 1657 1759 1710 veritatis
1791 1662 2074 1723 sectanteS,
2116 1661 2255 1714 nihil

212 1726 510 1791 adimimus,
550 1729 689 1781 nihil
721 1729 983 1793 addimuS,
1024 1730 1115 1782 sed
1156 1730 1351 1795 omnia,
1393 1748 1513 1799 quae
1539 1731 1817 1786 catholicae
1844 1736 1974 1787 sunt
1999 1734 2254 1790 Ecclesiae

213 1800 538 1855 immutilata
575 1821 849 1855 servamus
896 1807 1033 1856 ete.»

360 1875 444 1928 En
486 1878 753 1946 quomodo
794 1878 1178 1946 promissiones
1220 1878 1423 1932 Christi
1463 1879 1783 1933 universalis
1823 1881 2078 1936 Ecclesiae
2125 1901 2253 1937 con-

211 1951 537 2020 gregationi,
581 1952 743 2004 coetui
782 1952 1176 2021 Episcoporum
1215 1953 1384 2006 factas
1427 1954 1681 2017 credunt;
1723 1973 1789 2007 en
1830 1957 2098 2024 quomodo
2126 1962 2251 2026 post

210 2023 466 2092 epistolas
508 2026 839 2097 dogmaticas
879 2046 919 2079 8.
948 2026 1109 2096 Papae
1134 2027 1415 2091 Hadriani,
1450 2034 1860 2094 perscrutante&
1911 2031 2250 2085 discutientes

210 2102 264 2151 et
302 2100 658 2168 apostolicam
696 2105 750 2154 et
799 2101 1160 2155 universalem
1209 2102 1556 2155 traditionem
1611 2108 1910 2172 sequenteS,
1962 2106 2244 2159 definiunt.

211 2171 408 2240 (Mansi
447 2178 488 2227 t.
529 2175 679 2230 XIII.
721 2194 843 2246 pag.
889 2176 1033 2245 374.)

354 2248 499 2301 Illud
539 2250 966 2303 consideratione
1005 2250 1246 2319 dignum,
1288 2269 1452 2318 quum
1493 2249 1636 2303 Galli
1663 2251 1919 2322 Episcopi
1959 2253 2096 2306 falso
2133 2273 2247 2307 cre-

209 2322 415 2386 derent,
475 2343 506 2374 a
559 2323 811 2377 Patribus
870 2324 1110 2392 septimae
1168 2325 1362 2392 synodi
1419 2325 1690 2379 decretum
1748 2345 1859 2380 esse
1922 2327 2246 2398 imaginibus

210 2397 387 2449 latriae
427 2397 647 2461 cultum,
701 2399 936 2467 ejusdem
977 2397 1207 2451 Concilii
1258 2399 1486 2452 decretis
1527 2405 1986 2469 repugnaverunt,
2038 2403 2146 2456 imo
2187 2403 2245 2456 in

209 2470 682 2524 Francofordiensi
721 2473 946 2541 synodO,
989 2491 1054 2524 ex
1093 2472 1283 2525 Galliae
1324 2477 1379 2526 et
1418 2472 1719 2526 Germaniae
1759 2476 1977 2529 ecclesia
2018 2495 2244 2548 congre-

207 2548 351 2614 gata,
411 2545 469 2596 in
521 2565 723 2599 canone
774 2547 1022 2611 secundo,
1083 2547 1340 2616 praedicta
1398 2548 1611 2601 decreta
1649 2550 1966 2618 rejecerunt.
2048 2549 2245 2618 (Mansi

208 2622 248 2672 t.
289 2618 439 2672 XIII.
481 2639 602 2690 pag.
646 2621 794 2690 906.)

355 2691 439 2745 Ad
492 2713 647 2763 quem
703 2714 962 2748 canonem
1011 2693 1245 2749 Jacobus
1283 2694 1557 2750 Sirmondi
1608 2697 1891 2752 Societatis
1937 2699 2082 2764 Jesu,
2125 2719 2243 2753 cum

206 2767 384 2836 primo
425 2769 766 2834 ostendisset,
827 2769 890 2822 de
948 2769 1094 2822 facto
1152 2789 1265 2822 non
1324 2789 1435 2824 esse
1493 2772 1822 2826 dubitationi
1879 2774 2072 2838 locum,
2130 2774 2243 2827 haec

207 2842 463 2896 adnotat:
508 2843 732 2897 «Restat
773 2863 920 2914 ergo,
962 2848 1025 2897 ut
1063 2862 1309 2912 quaenam
1367 2845 1588 2898 illorum
1626 2847 1690 2898 de
1728 2846 2054 2916 imaginibus
2092 2866 2241 2900 mens

208 2916 390 2980 fuerit,
431 2921 527 2970 aut
566 2937 671 2987 qua
709 2919 922 2972 ratione
961 2919 1186 2987 purgari
1226 2922 1440 2987 queant,
1490 2919 1584 2988 qui
1635 2921 1902 2989 synodum
1946 2920 2240 2986 Nicaenam,

208 3010 368 3059 quam
405 2990 550 3045 inter
587 2992 936 3045 oecumenicas
975 3010 1332 3056 numeramus,
1373 2994 1658 3061 explodere
1677 2994 1793 3046 ausi
1831 2994 1957 3058 sint,
2001 2995 2240 3048 conside-

208 3083 400 3118 remus
480 3065 813 3136 Quamquam
852 3067 995 3136 quod
1033 3066 1100 3117 ad
1139 3067 1332 3135 synodi
1371 3086 1567 3120 nomen
1605 3067 1819 3131 attinet,
1873 3068 1931 3120 in
1981 3074 2240 3139 promptu

209 3139 411 3192 habent
434 3137 642 3209 (Galli),
685 3160 790 3210 quo
831 3141 1090 3194 invidiam
1127 3141 1414 3209 depellant.
1495 3141 1722 3194 Constat
1761 3141 1903 3193 enim
1941 3142 2019 3195 sic
2055 3143 2114 3196 in
2140 3145 2240 3198 hac

211 3213 508 3280 quaestione
565 3219 806 3268 versatos
877 3234 1016 3278 esse,
1084 3217 1201 3267 tum
1265 3215 1461 3283 synodi
1526 3214 2056 3282 FrancofordiensiS,
2121 3222 2237 3271 tum

211 3286 452 3338 Carolini
490 3289 778 3342 voluminis
817 3293 1082 3352 auctores,
1137 3292 1197 3341 ut
1249 3289 1352 3341 sibi
1403 3307 1516 3341 non
1568 3307 1687 3340 cum
1731 3291 2055 3344 oecumenico
2097 3292 2238 3346 Con-

211 3359 352 3424 cilio,
391 3361 482 3413 sed
521 3379 641 3414 cum
677 3363 936 3431 peculiari
975 3362 1302 3426 Graecorum,
1353 3365 1413 3414 ut
1464 3363 1824 3431 appellabant,
1873 3366 2077 3434 synodo
2124 3385 2237 3418 rem

211 3452 323 3486 esse
371 3435 772 3490 contenderent.
849 3437 935 3490 Ita
984 3436 1126 3488 enim
1176 3436 1371 3504 passim
1421 3436 1479 3488 in
1530 3437 1682 3490 libris
1731 3437 1839 3492 illis
1892 3441 2235 3507 profitentur,

213 3511 635 3580 quaerunturque
673 3514 975 3580 propterea,
1015 3510 1166 3563 illam
1203 3509 1306 3562 sibi
1345 3513 1441 3562 aut
1479 3510 1798 3565 universalis
1847 3518 1942 3567 aut
1992 3513 2236 3582 septimae

212 3582 404 3651 synodi
454 3601 648 3636 nomen
698 3603 969 3655 arrogare,
1022 3602 1140 3636 cum
1177 3583 1555 3637 oecumenicam
1593 3585 1699 3638 dici
1749 3605 1904 3655 posse
1955 3590 2233 3657 negarent,

212 3656 278 3713 ad
325 3675 483 3730 quam
533 3657 634 3715 soli
681 3657 858 3716 Graeci
904 3658 1297 3724 convenissent,
1351 3658 1783 3734 reliquarumque
1833 3660 2235 3734 provinciarum
