2612 4062
2071 233 2175 288 205

139 380 551 452 explicationem
603 385 811 435 merum
848 380 1109 454 effugium
1148 401 1261 437 esse
1299 382 1418 438 viro
1459 381 1696 455 ingenuo
1737 380 1957 436 omnino
1997 381 2180 454 indig-

137 475 283 510 num.
350 457 530 510 Verba
568 475 719 510 suam
757 457 1212 527 significationem
1248 459 1478 512 trahunt
1518 477 1580 528 ex
1621 457 1928 511 intentione
1953 457 2182 526 loquen-

137 531 209 584 tis
261 535 314 584 et
367 531 732 601 intelligentia
783 531 1132 584 audientium.
1231 532 1403 586 Nemo
1462 552 1660 603 negare
1709 535 1893 602 potest
1945 535 2180 585 mentem

135 604 407 658 Bonifacii
447 606 613 658 fuisse
652 606 710 657 in
752 605 847 656 illa
885 604 1058 669 Bulla,
1104 610 1428 675 potestatem
1467 607 1821 677 temporalem
1859 605 1962 659 sibi
2003 605 2180 658 vindi-

136 697 270 742 care,
312 698 532 749 eamque
558 679 888 732 sententiam
915 679 1163 732 fidelibus
1190 700 1510 750 proponere,
1551 682 1616 734 de
1643 681 1834 735 salutis
1859 680 2180 734 necessitate

134 754 437 806 tenendam.
493 752 664 806 Nemo
703 772 902 823 negare
940 759 1124 822 potest
1150 756 1314 807 verba
1340 755 1530 808 Bullae
1565 757 1668 809 hoc
1706 773 1866 808 sensu
1904 758 2180 824 acceptata

134 826 300 880 fuisse
339 829 405 880 ab
445 827 708 890 omnibuS‚
750 827 844 897 qui
882 832 1012 881 tunc
1051 830 1315 898 temporis
1353 829 1622 885 vivebant.
1691 829 1749 883 Si
1790 829 1837 881 ei
1870 829 2180 883 restiterint

134 902 338 955 subditi
388 901 627 970 Philippi
684 901 934 966 Pulchri,
995 909 1149 955 erant
1202 922 1424 956 numero
1484 903 1822 972 paucissimi,
1889 904 2058 956 relate
2112 903 2177 956 ad

133 975 439 1027 universam
495 975 990 1040 Christianitatem,
1052 996 1168 1029 cum
1229 996 1353 1046 pars
1412 978 1695 1031 admodum
1754 997 1921 1047 parva
1972 977 2179 1030 Galliae

134 1048 420 1102 hodiernae
470 1052 582 1118 ejus
624 1050 849 1119 imperio
890 1051 1141 1119 parebat3
1195 1051 1406 1120 ipsique
1445 1053 1602 1120 pauci
1641 1052 1987 1105 auctoritatis
2028 1070 2178 1105 exer-

133 1123 263 1176 citio
301 1125 484 1193 potius
522 1144 682 1193 quam
719 1127 832 1194 ejus
860 1125 974 1194 juri
1008 1125 1191 1178 divino
1231 1144 1344 1178 sese
1382 1127 1696 1195 opposuisse
1733 1127 1920 1178 haberi
1945 1127 2176 1195 possint.

131 1197 367 1251 Ecclesia
426 1199 596 1269 igitur
654 1218 750 1268 per
810 1199 863 1250 id
911 1204 1123 1268 tempus
1178 1200 1388 1253 videtur
1441 1200 1655 1253 Bullam
1715 1201 1887 1255 Uvam
1926 1201 2178 1254 Sanctam

130 1290 349 1325 assensu
413 1293 511 1326 suo
571 1274 857 1342 probasse,
922 1274 1136 1326 nemine
1193 1275 1303 1327 fere
1367 1275 1747 1344 episcoporum
1806 1281 1997 1328 contra
2061 1294 2176 1328 eam

130 1347 471 1400 reclamante.

277 1435 437 1489 Nunc
476 1441 657 1489 autem
697 1438 760 1488 ab
802 1438 1075 1501 omnibus,
1117 1438 1260 1490 haud
1300 1438 1463 1491 etiam
1502 1439 1738 1507 exceptis
1778 1438 2176 1492 ardentioribus

128 1510 449 1563 Pontificiae
478 1511 897 1564 infallibilitatis
926 1512 1216 1569 advocatis,
1255 1513 1498 1581 rejicitur
1527 1513 1797 1566 sententia
1824 1514 1953 1566 adeo
1982 1514 2176 1566 solem·-

130 1585 274 1638 niter
324 1585 382 1637 in
432 1586 537 1638 ista
592 1585 750 1637 Bulla
803 1586 1102 1638 enunciata.
1182 1587 1396 1639 Testem
1447 1587 1652 1639 adduco
1706 1588 1853 1640 omni
1895 1592 2038 1640 certe
2078 1588 2177 1640 hac

129 1659 185 1711 in
238 1677 296 1711 re
347 1660 662 1728 exceptione
718 1661 1003 1729 majorem,
1058 1679 1247 1729 nempe
1301 1661 1485 1713 Rev.⁸¹¹¹
1531 1661 1825 1714 Dominum
1877 1661 2175 1714 Martinum

127 1733 393 1786 Joannem
433 1733 711 1804 Spalding,
753 1732 1238 1804 Archiepiscopum
1277 1734 1743 1799 Baltimorensem,
1787 1737 1879 1805 qui
1917 1736 1974 1788 in
2016 1755 2176 1805 opere

127 1807 189 1859 de
229 1827 334 1877 quo
376 1814 564 1876 postea
605 1808 815 1860 dicendi
857 1813 1104 1861 occurret
1144 1809 1350 1862 occasio
1380 1811 1579 1879 aptior,
1622 1829 1766 1862 anno
1808 1815 1958 1874 1866,
2001 1810 2175 1864 Baiti-

127 1883 266 1934 mori
327 1883 622 1951 impress0,
688 1887 978 1952 postquam
1043 1887 1152 1936 tres
1216 1884 1353 1936 aliae
1416 1885 1650 1954 ejusdem
1715 1885 1840 1937 libri
1905 1885 2170 1938 editiones

127 1956 417 2010 exhaustae
466 1957 727 2022 fuissent,
781 1961 835 2010 et
887 1962 1081 2026 quarta
1130 1958 1260 2010 haec
1313 1958 1456 2011 votis
1508 1959 1747 2011 fidelium
1800 1959 1924 2012 data
1963 1960 2062 2024 sit,
2108 1991 2169 1997 —-

127 2030 202 2083 sic
243 2032 349 2084 ait:

279 2121 540 2173 «Dicitur
591 2125 770 2174 tamen
811 2121 1077 2190 Papatum
1128 2126 1453 2190 potestatem
1493 2123 1845 2191 temporalem
1884 2123 1984 2176 sibi
2022 2141 2173 2176 arro-

127 2213 308 2264 gasse:
363 2199 444 2259 et,
497 2196 659 2247 medii
710 2196 826 2248 aevi
867 2196 1118 2259 saeculiS,
1167 2199 1255 2265 jus
1307 2215 1458 2267 reges
1498 2196 1829 2265 deponendi,
1884 2216 2174 2266 eorumque

127 2269 368 2322 subditos
402 2273 710 2339 juramento
751 2270 1027 2323 fidelitatis
1068 2271 1312 2322 solvendi
1338 2274 1664 2339 potestatem
1705 2272 1806 2323 sibi
1840 2272 2169 2324 vindicasse?

127 2343 293 2396 Esto:
337 2344 465 2412 quid
505 2344 628 2396 inde
649 2344 929 2412 sequitur?
998 2343 1086 2396 An
1126 2345 1232 2397 ista
1271 2345 1559 2413 potestatis
1602 2346 1913 2414 temporalis
1941 2347 2171 2399 accessio

127 2437 228 2486 pro
268 2419 647 2488 praerogativa
685 2418 922 2487 Papatus
964 2420 1234 2471 essentiali
1273 2438 1511 2488 unquam
1550 2419 1736 2472 habita
1775 2420 1973 2473 fuerit?
2044 2421 2172 2483 Qui-

127 2492 290 2556 nimo,
332 2511 512 2545 nonne
552 2493 738 2545 habita
777 2497 857 2546 est
896 2498 1157 2562 tanquam
1196 2494 1468 2562 appendix
1508 2494 1866 2558 accidentali&
1899 2526 1964 2532 —
1994 2513 2173 2547 rerum

130 2567 506 2635 adjunctorum
536 2567 721 2636 potius
750 2568 1003 2636 sequela?
1060 2566 1222 2619 Anne
1249 2568 1448 2620 dantur
1477 2569 1715 2636 exempla
1742 2568 1868 2621 talis
1896 2568 1972 2621 ita
2001 2569 2174 2622 dictae

129 2641 500 2709 usurpationis
524 2643 582 2694 in
604 2642 780 2693 decem
804 2642 993 2710 primis
1018 2642 1282 2695 saeculis?
1312 2642 1642 2695 Potestatem
1663 2643 1814 2694 illam
1834 2643 1953 2711 quis
1974 2643 2172 2696 Roma-

129 2733 320 2767 norum
350 2714 676 2768 Pontificum
713 2734 808 2784 per
847 2716 956 2768 tria
982 2715 1112 2768 haec
1150 2716 1343 2769 ultima
1379 2717 1588 2768 saecula
1621 2721 1715 2770 aut
1751 2717 2052 2770 exercuerit
2079 2723 2173 2770 aut

131 2788 235 2840 sibi
285 2789 674 2842 vindicaverit?
758 2789 814 2842 Si
865 2790 995 2842 haec
1034 2791 1139 2842 duo
1180 2791 1324 2843 facta
1365 2794 1511 2843 certa
1551 2791 1678 2854 sint,
1722 2795 1775 2843 et
1815 2795 1943 2843 sunt
1984 2792 2171 2845 certis-

131 2862 279 2927 sima,
320 2863 462 2916 unde
500 2864 720 2933 probari
759 2865 930 2932 possit
971 2864 1115 2932 quod
1141 2863 1406 2932 Papatum
1443 2882 1748 2934 agnoscere,
1791 2867 1903 2933 ejus
1931 2869 2172 2933 potesta—

130 2940 239 2989 tem
291 2939 641 3006 temporalem
667 2938 1019 3008 'agnoscendi
1071 2938 1443 2991 necessitatem
1483 2939 1763 3006 imponat?
1844 2938 1990 2991 Haec
2030 2944 2172 2993 certe

130 3030 421 3080 numquam
460 3013 707 3066 doctrina
748 3012 1016 3064 Ecclesiae
1057 3011 1364 3064 Catholicae
1403 3016 1551 3064 erat:
1605 3011 1872 3080 alioquin,
1919 3014 2008 3066 ubi
2049 3016 2170 3084 quis

132 3085 305 3153 possit
345 3086 589 3139 invenire
628 3087 1005 3139 definitionem
1043 3103 1177 3154 quae
1217 3104 1333 3138 eam
1373 3087 1666 3139 doctrinam
1716 3103 1829 3138 esse
1869 3086 2172 3142 declaret?¹

133 3158 380 3228 Quinque
437 3178 502 3212 ex
552 3160 1013 3213 Universitatibus
1067 3159 1358 3212 Catholicis
1407 3159 1791 3213 celebrioribus
1844 3158 2168 3228 (Sorbonna,

133 3230 511 3299 LovaniensiS,
551 3234 832 3299 Duacena,
876 3233 1276 3303 Complutensis
1324 3237 1378 3286 et
1430 3232 1918 3304 Salmanticensis),
1973 3237 2099 3290 dum
2138 3257 2169 3290 a

257 3426 270 3449 ²
301 3425 385 3470 Hic
416 3427 532 3469 certe
563 3423 700 3468 falsus
730 3427 798 3469 est
829 3428 994 3470 auctor.
1045 3422 1110 3466 Ad
1141 3423 1385 3468 doctrinam
1423 3425 1776 3470 constituendam
1808 3440 1896 3470 non
1926 3429 2167 3483 requiritur

136 3482 353 3528 definitio:
387 3484 550 3528 sufficit
580 3486 632 3527 ut
663 3484 722 3527 sit
754 3485 916 3528 veritas
948 3483 1166 3527 devinitus
1190 3483 1399 3534 revelata,
1434 3488 1480 3527 et
1510 3486 1560 3527 ut
1581 3486 1686 3528 talis
1707 3485 1922 3530 ordinario
1946 3487 2171 3532 Ecclesiae

135 3543 390 3599 magisterio
427 3542 629 3587 fidelibus
666 3546 946 3599 proponatur.
1007 3541 1069 3585 At
1111 3546 1308 3598 potestas
1347 3542 1427 3586 illa
1466 3546 1676 3600 tanquam
1715 3544 1914 3589 doctrina
1943 3548 2168 3603 proposita

137 3604 205 3645 est
236 3615 262 3645 a
290 3602 513 3646 Bonifacio
545 3602 664 3654 V111,
698 3615 794 3645 cum
830 3603 942 3645 ‹sub
973 3601 1130 3644 salutis
1161 3600 1384 3657 dispendio
1405 3617 1421 3642 ›
1459 3602 1722 3648 declarasset
1752 3619 1846 3648 eam
1879 3606 1934 3649 ab
1966 3606 2168 3660 omnibus

137 3674 229 3705 esse
259 3662 515 3706 tenendam:
549 3660 758 3719 Alioquin
788 3660 1011 3706 Suaresius
1042 3673 1139 3704 eam
1169 3673 1247 3717 pro
1278 3659 1476 3706 doctrina
1505 3661 1690 3708 definita
1720 3664 1892 3710 habuit.
1939 3695 1942 3698 -
