2722 4146
339 254 371 304 8

338 399 561 452 Petrum
600 401 762 466 caput
802 400 857 450 et
896 396 1238 465 coryphaeum
1281 413 1548 466 superque
1574 397 1711 450 alios
1739 397 2036 468 Apostolos
2075 401 2182 471 ipsi
2209 402 2388 474 Capiti

339 478 402 527 ut
439 472 678 526 membra
716 471 918 533 unitOS,
978 470 1062 522 vel
1114 487 1275 539 super
1327 469 1504 539 ipsum
1559 471 1782 525 Petrum
1823 478 2000 542 caput,
2055 478 2235 529 totum
2275 479 2387 532 col-

339 548 539 618 legium
597 545 958 615 apostolicum
1018 547 1431 612 repraesentanS,
1500 546 1585 598 vel
1643 564 1803 614 super
1859 548 2039 617 ipsum
2098 551 2384 623 collegium

339 621 701 691 apostolicum
740 619 799 670 in
838 618 1000 671 Petro
1061 622 1123 671 ut
1175 618 1231 670 in
1283 637 1379 670 suo
1423 620 1596 688 capite
1651 626 2049 691 reassumptum
2088 625 2386 680 aedificatur

339 695 595 749 Ecclesia.

488 768 588 822 Sed
628 767 911 820 afferamus
951 767 1247 819 nonnullos
1287 767 1478 820 Patres
1519 772 1573 821 et
1607 770 1784 838 primo
1814 788 1877 822 ex
1905 771 2033 835 illis,
2076 774 2170 841 qui
2197 773 2388 828 dicunt

339 843 633 897 Ecclesiam
672 841 988 894 aedificatam
1027 860 1186 910 super
1228 842 1378 894 illam
1418 843 1812 897 confessionem
1851 845 1991 908 fidei,
2050 865 2210 915 quam
2260 867 2388 917 pro-

340 920 511 971 fessus
551 916 658 969 fuit
696 915 909 979 Petrus,
953 920 1006 969 et
1046 935 1152 985 qua
1192 916 1455 968 credimus
1498 916 1772 970 Christum
1812 938 1924 971 esse
1963 920 2137 972 filium
2177 921 2292 975 Dei.

491 990 786 1059 Greyorius
823 990 1101 1057 Nysscnus
1139 991 1197 1042 in
1237 1009 1397 1059 opere
1438 992 1500 1043 de
1541 993 1766 1044 adventu
1809 992 2030 1046 Domini
2066 996 2225 1048 verba
2264 997 2387 1049 illa:

341 1073 390 1120 ct
429 1083 590 1132 super
628 1066 761 1118 hanc
792 1070 1004 1131 petram
1047 1066 1335 1130 aedificabo
1388 1065 1684 1118 Ecclesiam
1725 1085 1906 1133 meam,
1960 1068 2386 1138 interpretatur:

345 1158 539 1209 «super
564 1139 955 1192 confessionem
985 1139 1234 1192 videlicet
1263 1139 1485 1203 Christi,
1529 1140 1656 1209 quia
1682 1141 1926 1195 dixerat:
1972 1147 2027 1195 tn
2055 1162 2108 1196 es
2140 1142 2391 1198 Christus

345 1215 529 1268 Filius
568 1214 676 1267 Dei-
716 1215 872 1266 vivi.»

494 1288 893 1356 Clerysostomzes
944 1289 1088 1340 hom.
1144 1287 1238 1340 IV.
1295 1307 1455 1356 super
1510 1288 1706 1342 Matth.
1750 1308 1864 1359 cap.
1907 1290 2085 1344 XVI.:
2143 1292 2250 1345 «Et
2288 1311 2387 1363 ego

342 1365 460 1417 dico
501 1363 621 1426 tibi,
663 1362 789 1432 quia
829 1366 891 1415 tu
932 1380 985 1415 08
1026 1362 1217 1416 Petrus
1271 1366 1326 1415 et
1378 1382 1539 1432 super
1589 1363 1730 1415 hanc
1788 1369 1998 1433 petram
2065 1366 2098 1420 i.
2142 1385 2184 1419 e.
2228 1386 2389 1435 super

342 1439 500 1491 fidem
542 1436 952 1490 confessionis»

490 1513 724 1565 Aeacius
766 1511 1047 1564 Melitenes
1100 1511 1402 1580 Episcopus
1460 1511 1684 1564 homilia
1743 1513 1799 1564 in
1858 1514 2064 1581 synodo
2118 1514 2391 1584 Ephesina

342 1587 558 1640 habita:
605 1585 767 1637 «Haec
806 1589 904 1648 est,
945 1585 1142 1654 inquit,
1186 1586 1315 1638 fides
1356 1590 1573 1648 nostra3
1627 1605 1786 1655 super
1828 1587 1929 1639 hoc
1978 1589 2390 1641 fundamentum

343 1661 582 1715 Ecclesia
622 1660 881 1712 aedificata
921 1664 1019 1723 est,
1079 1661 1333 1713 adversus
1387 1679 1548 1730 quam
1587 1680 1654 1712 ne
1709 1666 1882 1730 portae
1942 1663 2156 1732 quidem
2228 1663 2390 1716 inferi

343 1736 730 1806 praevalebunt.
742 1754 766 1781 »

496 1809 734 1877 Cyrinus
772 1809 1176 1861 Alexmzdriuus
1201 1809 1292 1860 lib.
1323 1809 1417 1863 IV.
1463 1810 1525 1862 de
1554 1810 1847 1862 Trinitate:
1893 1811 2159 1875 «Petram,
2189 1812 2387 1881 inquit,

344 1885 560 1954 opinor,
602 1883 741 1935 nihil
767 1883 912 1935 aliud
942 1902 1096 1953 quan]
1129 1884 1499 1936 inconcussam
1528 1890 1582 1936 et
1608 1884 1969 1937 firmissimam
1991 1885 2144 1937 fidem
2175 1905 2388 1949 vocanS,

346 1978 508 2028 supra
547 1976 706 2027 quam
747 1957 909 2010 etiam
951 1957 1089 2010 citra
1130 1976 1280 2010 casus
1321 1958 1625 2026 periculum
1665 1960 1898 2012 formata
1938 1964 2018 2013 est
2073 1964 2126 2013 et
2167 1961 2392 2013 fundata

346 2033 549 2087 Christi
589 2031 878 2084 Ecclesia.»

494 2107 776 2160 ,Iuvenalis
815 2105 1316 2173 Hierosolymorum
1347 2106 1649 2176 Episcopus
1689 2107 1746 2158 111
1788 2108 1988 2160 litteris
2029 2109 2304 2177 synodicis
2331 2109 2396 2161 ad

347 2183 692 2251 presbyteros
733 2185 786 2233 et
827 2180 1314 2232 archimandritos:
1362 2181 1529 2233 «Cum
1565 2200 1803 2234 summus
1844 2186 1899 2234 et
1925 2183 2130 2251 primus
2157 2182 2396 2252 Aposto-

346 2258 526 2309 lorum
585 2255 837 2308 dixisset:
902 2255 984 2306 Tu
1042 2272 1094 2306 es
1139 2254 1392 2308 Chr-istus
1441 2255 1626 2308 Filius
1674 2255 1781 2308 Dei
1838 2258 1957 2320 vivi,
2020 2261 2073 2310 et
2131 2257 2396 2310 Dominus

348 2330 569 2383 intulit:
622 2328 823 2382 Beatus
875 2347 929 2381 es
983 2328 1169 2381 Simon
1211 2371 1221 2380 .
1267 2372 1277 2381 .
1322 2371 1332 2381 .
1377 2334 1430 2382 et
1471 2349 1632 2399 super
1684 2331 1823 2382 113110
1863 2336 2090 2400 petram,
2144 2335 2199 2385 et
2237 2350 2398 2401 super

348 2405 489 2457 hanc
546 2403 938 2456 confessionem
999 2404 1256 2455 roborata
1316 2407 1398 2456 est
1437 2404 1675 2457 Ecclesia
1717 2404 1833 2468 Dei,
1895 2410 1948 2458 et
2004 2406 2176 2470 fidem,
2239 2424 2398 2475 quam

351 2478 523 2531 sancti
563 2477 720 2530 nobis
760 2477 1108 2529 tradiderunt
1150 2476 1424 2545 Apostoli,
1468 2478 1605 2530 113110
1647 2479 1888 2531 Ecclesia
1929 2480 2216 2532 custodit.»

502 2551 696 2604 Petrus
742 2550 1098 2619 Chrysoloyus
1139 2570 1293 2602 serm.
1343 2557 1459 2603 154.
1503 2553 1570 2603 al.
1619 2558 1683 2604 53
1727 2554 1789 2604 de
1828 2570 1867 2604 s.
1912 2551 2175 2619 Stephano
2219 2559 2397 2620 proto-

352 2630 535 2679 mart:
579 2625 805 2678 «Petrus
845 2644 874 2676 a
914 2629 1070 2695 petra
1122 2643 1318 2676 nomen
1369 2625 1593 2693 adeptus
1636 2630 1732 2689 est,
1785 2627 1912 2695 quia
1952 2628 2160 2696 primus
2200 2628 2398 2681 meruit

353 2700 649 2755 Ecclesiam
689 2699 814 2751 fidei
854 2699 1113 2752 firmitate
1153 2699 1432 2751 fundare.»

504 2774 861 2827 Theodoretus
881 2792 961 2842 ep.
995 2778 1079 2827 77.
1108 2773 1172 2825 ad
1197 2773 1468 2825 Eulalium
1502 2773 1833 2843 Episcopum
1854 2774 2082 2827 Persicae
2103 2774 2396 2827 Armeniae:

359 2849 507 2902 «Hac
566 2848 727 2901 etiam
784 2848 846 2899 de
905 2866 1062 2900 031183
1121 2847 1367 2900 Christus
1426 2847 1690 2900 Dominus
1760 2853 1945 2901 noster
2005 2848 2395 2918 Apostolorum

357 2922 689 2992 Principem,
735 2924 886 2991 cujus
941 2922 1330 2975 confessionem
1371 2923 1538 2975 veluti
1578 2923 1745 2975 basim
1786 2923 2053 2992 quandam
2106 2927 2159 2975 et
2206 2922 2400 2975 funda-

361 3002 598 3050 mentum
654 2996 906 3049 Ecclesiae
955 2996 1253 3051 definierat.
1314 2996 1576 3049 fluctuare
1626 3015 1687 3049 30
1740 3015 1919 3048 011310
1969 2997 2234 3066 permisit,
2295 2997 2399 3049 duo

360 3072 544 3123 eodem
584 3089 746 3139 opera
785 3071 998 3135 docenS,
1039 3089 1137 3123 1100
1192 3070 1356 3122 fidere
1409 3070 1598 3139 seipsis
1651 3074 1704 3124 et
1756 3071 2080 3124 fluctuantes
2133 3071 2397 3123 firmare.»

507 3145 581 3197 Et
619 3145 867 3213 Epistola
897 3150 1013 3198 147.
1042 3145 1108 3198 ad
1135 3144 1404 3198 Joannem
1431 3144 1822 3198 Oeconomum:
1868 3144 2159 3215 «Magnum
2179 3144 2402 3198 Petrum

363 3219 641 3274 audiamus
680 3219 1077 3273 clamitantem:
1124 3219 1201 3271 Tu
1230 3238 1283 3272 es
1313 3217 1562 3272 Christus
1591 3219 1768 3272 Filius
1795 3217 1902 3271 Dei
1927 3221 2047 3272 vivi.
2108 3218 2403 3271 Audiamus

364 3298 420 3348 et
458 3292 733 3346 Christum
771 3292 1063 3346 Dominum
1117 3293 1510 3347 confessionem
1566 3293 1704 3346 hanc
1757 3294 2193 3346 confirmantem:
2243 3310 2404 3360 super

363 3369 499 3421 hanc
535 3368 687 3430 enim,
728 3368 917 3434 inquit,
950 3374 1159 3434 petram
1201 3368 1488 3434 aedificabo
1518 3367 1810 3421 Ecclesiam
1837 3385 2003 3420 meam
2023 3372 2116 3420 etc.
2194 3367 2401 3420 Idcirco

367 3440 796 3512 sapientissimus
846 3439 1063 3505 Paulus,
1115 3442 1458 3495 ecclesiarum
1517 3441 1998 3511 praestantissimus
2056 3441 2401 3504 architectus,

367 3535 480 3570 non
516 3515 680 3579 aliud,
720 3514 809 3567 sed
837 3514 941 3568 hoc
967 3515 1143 3584 ipsum
1171 3516 1363 3570 definit
1390 3516 1828 3569 fundamentum:
1873 3515 1988 3586 Ego
2016 3515 2176 3579 enim,
2203 3515 2400 3584 inquit,

370 3594 431 3644 ut
489 3589 698 3661 sapiens
757 3588 1086 3644 architectus
1142 3591 1551 3645 fundamentum
1590 3588 1746 3660 posui
1787 3630 1798 3642 .
1844 3633 1854 3644 .
1897 3631 1910 3643 .
1969 3588 2401 3643 Fundamentum
