2722 4146
2181 323 2247 374 35

208 467 324 522 haec
360 466 440 522 ita
479 470 625 532 sunt,
667 469 884 521 constat
920 468 1151 539 proinde
1190 488 1403 524 omnem
1443 467 1764 534 doctrinam,
1818 485 1939 538 quae
1978 486 2100 522 cum
2143 469 2255 522 illis

210 543 445 596 ecclesiis
502 541 820 611 apostolicis
877 544 1196 598 matricibus
1255 549 1312 598 et
1368 543 1729 615 originalibus
1785 543 1910 596 fidei
1961 543 2254 612 conspiret,

209 617 430 671 veritati
481 615 847 685 deputandum
895 617 951 670 id
1001 619 1115 671 sine
1167 619 1329 672 dubio
1381 621 1672 683 tenentem,
1726 617 1870 687 quod
1916 617 2152 670 ecclesiae
2189 618 2255 670 ab

208 690 507 760 Apostolis,
547 689 804 759 Apostoli
830 710 862 742 a
888 691 1124 758 ChristO,
1167 693 1415 746 Christus
1459 712 1490 746 a
1542 691 1657 745 Deo
1685 691 1950 761 suscepit:
1990 691 2256 762 reliquam

209 784 336 818 vero
377 770 590 818 omnem
631 764 934 818 doctrinam
971 767 1036 819 de
1075 767 1352 820 mendacio
1393 766 1866 836 praejudicandam,
1919 783 2039 836 quae
2077 766 2256 835 sapiat

210 843 403 892 contra
441 839 726 891 veritatem
765 841 1111 894 ecclesiarum
1161 845 1215 895 et
1253 841 1649 911 Apostolorum
1696 845 1750 894 et
1789 840 1995 894 Christi
2042 844 2098 894 et
2134 840 2253 894 Dei.

210 913 465 982 Superest
505 931 650 983 ergO,
692 917 754 966 ut
795 914 1241 981 demonstremus,
1282 936 1352 969 an
1390 916 1505 968 haec
1542 919 1733 968 nostra
1781 915 2048 980 doctrina,
2106 917 2256 984 cujus

210 988 454 1058 regulam
506 1006 669 1056 supra
721 988 997 1054 edidimus,
1052 991 1115 1042 de
1165 989 1560 1060 Apostolorum
1606 989 1902 1043 traditione
1957 993 2256 1054 censeatur,

210 1066 265 1114 ct
302 1080 367 1113 ex
405 1061 508 1114 hoc
546 1062 682 1130 iPSO,
724 1081 793 1114 an
832 1068 1025 1117 caetera
1065 1064 1129 1116 de
1168 1065 1444 1117 mendacio
1472 1064 1711 1116 veniant.
1791 1063 2257 1117 Communicamus

216 1155 335 1188 cum
374 1135 609 1188 ecclesiis
649 1138 983 1205 apostolicis,
1039 1140 1182 1208 quod
1228 1139 1380 1191 nulla
1418 1138 1668 1192 doctrina
1715 1138 1942 1191 diversa.
2019 1137 2138 1190 Hoc
2176 1142 2258 1190 est

210 1210 583 1262 testimonium
622 1211 903 1264 veritatis»
946 1213 980 1266 i.
1023 1231 1064 1266 0.
1109 1213 1424 1266 Communio
1464 1213 1609 1266 inter
1637 1212 1884 1265 ecclesias
1910 1212 2254 1281 apostolicaS,

214 1284 495 1336 consensio
535 1285 876 1350 universalis,
919 1287 1100 1340 unitas
1127 1288 1407 1351 doctrinae,
1437 1306 1504 1339 en
1531 1305 1840 1355 supremum
1864 1286 2254 1357 magisterium,

213 1377 280 1410 en
319 1359 508 1428 regula
547 1359 700 1411 fidei!
779 1360 852 1414 Et
892 1362 1159 1430 quomodo
1199 1363 1339 1414 hanc
1377 1361 1737 1414 universalem
1784 1361 2090 1414 doctrinam
2129 1379 2257 1431 cog-

211 1451 432 1486 noscere
471 1437 793 1501 possumus‘?
871 1435 954 1487 Ex
980 1436 1277 1488 traditione
1302 1436 1641 1506 singularum
1668 1435 2012 1488 ecclesiarum
2037 1438 2257 1503 aposto-

212 1507 456 1571 licarum,
497 1507 642 1560 inter
682 1527 812 1577 quas
853 1510 1073 1562 ecclesia
1126 1510 1371 1563 Romana
1415 1509 1619 1578 primas
1658 1513 1713 1562 et
1759 1509 2059 1578 praecipuas
2098 1509 2260 1562 habet

213 1585 412 1650 partes
503 1580 758 1651 Sequitur
810 1584 954 1635 enim
1004 1584 1145 1636 idem
1194 1585 1594 1637 Tertullianus:
1662 1583 1957 1635 «Percurre
2011 1583 2259 1636 ecclesias

212 1655 557 1724 apostolicaS,
611 1657 751 1725 apud
804 1676 935 1726 quas
985 1659 1118 1727 ipsae
1165 1658 1340 1710 adhuc
1391 1658 1661 1711 cathedrae
1699 1656 2094 1726 Apostolorum
2149 1657 2259 1710 suis

213 1730 346 1782 locis
386 1730 703 1798 praesident:
745 1732 886 1800 apud
927 1751 1057 1801 quas
1096 1733 1230 1801 ipsae
1268 1733 1596 1785 authenticae
1646 1731 1849 1785 litterae
1889 1750 2075 1784 eorum
2123 1731 2260 1783 reci-

215 1807 425 1867 tantur,
467 1809 720 1858 sonantes
761 1825 945 1858 vocem
995 1810 1051 1859 et
1087 1810 1540 1876 repraesentantes
1590 1806 1782 1858 faciem
1821 1806 2259 1875 uniuscujusque.

213 1877 465 1930 Proxima
505 1883 586 1932 est
625 1879 727 1932 tibi
766 1880 987 1950 Achaja,
1027 1882 1190 1934 habes
1232 1881 1584 1943 Corinthum3
1627 1881 1671 1934 si
1698 1899 1811 1933 non
1837 1881 1999 1950 longe
2026 1899 2056 1932 a
2084 1879 2260 1932 Mace-

215 1953 391 2018 donia,
451 1953 614 2005 habes
673 1953 978 2024 Philippos,
1035 1956 1198 2008 habes
1255 1955 1777 2008 Thessalonicenses.
1875 1953 1933 2008 Si
1991 1958 2146 2023 potes
2203 1955 2261 2006 in

215 2026 400 2078 Asiam
439 2028 674 2092 tendere,
715 2029 877 2082 habes
918 2030 1222 2099 Ephesum:
1276 2030 1322 2082 si
1373 2034 1554 2082 autem
1603 2029 1780 2082 Italiae
1819 2029 2044 2098 adjaceS,
2097 2029 2260 2081 habes

217 2101 459 2165 Romam,
501 2102 644 2154 unde
684 2104 841 2157 nobis
882 2123 1095 2174 quoque
1144 2105 1442 2157 auctoritas
1492 2108 1694 2172 praesto
1746 2108 1842 2156 est.
1932 2102 2048 2156 Ista
2098 2121 2258 2172 quam

215 2175 346 2227 felix
385 2176 623 2241 ecclesia,
679 2178 765 2229 cui
816 2182 991 2231 totam
1032 2179 1335 2231 doctrinam
1372 2177 1630 2247 Apostoli
1681 2196 1800 2230 cum
1852 2177 2113 2247 sanguine
2158 2195 2256 2230 suo

216 2250 596 2317 profuderunt,
638 2251 730 2304 ubi
757 2252 949 2306 Petrus
976 2253 1217 2322 passioni
1242 2252 1541 2305 Dominicae
1566 2252 1898 2320 adaequatur,
1940 2251 2032 2304 ubi
2056 2250 2256 2302 Paulus

216 2323 446 2376 ‚Ioannis
488 2325 636 2377 exitu
677 2330 988 2391 coronatur,
1030 2327 1123 2379 ubi
1162 2326 1462 2395 Apostolus
1512 2325 1748 2378 Joannes
1798 2329 2146 2394 posteaquam
2198 2325 2256 2376 in

218 2398 394 2449 oleum
432 2398 650 2468 igneum
688 2400 978 2464 demersus,
1018 2401 1158 2453 nihil
1199 2420 1387 2469 passus
1427 2405 1524 2464 est,
1578 2400 1636 2452 in
1687 2400 1920 2452 insulam
1969 2399 2255 2468 relegatuS.

218 2472 524 2537 Videamus,
566 2474 696 2542 quid
737 2475 937 2527 dixerit
978 2473 1219 2542 (ecclesia
1258 2474 1455 2544 Rom),
1497 2474 1627 2543 quid
1666 2474 1928 2537 docuerit,
1968 2473 2099 2542 quid
2138 2491 2258 2525 011111

218 2545 492 2598 Africanis
533 2566 745 2617 quoque
784 2550 1019 2602 ecclesiis
1059 2549 1580 2602 contesseraveritP»
1611 2589 1622 2600 .
1655 2588 1667 2600 .
1698 2593 1707 2602 .
1738 2548 1772 2600 1.
1803 2566 1845 2600 0.
1887 2547 2257 2600 Tertullianus

219 2620 387 2672 totius
427 2622 772 2690 antiquitatis
812 2627 1043 2676 mentem
1083 2623 1403 2692 exprimenS,
1464 2623 1695 2675 collocat
1734 2640 2043 2691 supremum
2083 2622 2257 2691 magi-

218 2695 458 2759 sterium,
499 2697 744 2766 regulam
783 2698 908 2750 fidei
948 2717 1061 2750 non
1100 2698 1156 2749 in
1196 2697 1357 2749 unius
1396 2697 1551 2749 Rom.
1592 2697 1875 2750 Pontificis
1914 2697 2255 2759 auctoritate,

219 2769 305 2820 cui
362 2788 545 2823 omnes
599 2789 736 2824 caeco
786 2772 945 2825 modo
999 2773 1228 2824 debeant
1279 2772 1510 2835 obedire,
1564 2775 1619 2824 et
1668 2791 1699 2823 a
1750 2789 1855 2839 quo
1909 2771 2024 2823 solo
2074 2788 2255 2822 omnes

217 2843 443 2896 debeant
480 2845 718 2914 accipere
757 2865 1004 2899 normam
1044 2846 1319 2899 credendi:
1373 2846 1463 2898 sed
1502 2846 1560 2897 in
1601 2845 1892 2897 universali
1944 2844 2253 2906 traditione,

217 2918 458 2969 unanimi
497 2921 882 2988 praedicatione
920 2920 1288 2990 doctrinaeque
1328 2919 1678 2972 consensione
1719 2921 1974 2988 cujusque
2022 2918 2256 2970 ecclesiae

220 3010 340 3043 cum
378 2995 585 3047 caeteris
625 2995 874 3048 omnibus
902 2995 1070 3048 totius
1098 2996 1261 3059 orbiS,
1291 2994 1402 3047 sive
1430 2992 1816 3056 OrientalibUS,
1857 2993 1966 3044 sive
1991 2991 2253 3056 Romana,

221 3065 331 3117 sive
370 3066 646 3121 Africanis
686 3070 938 3123 ecclesiis.

369 3139 424 3192 S.
470 3141 774 3211 Cyprianus
810 3144 867 3196 in
905 3144 1015 3196 suis
1055 3142 1299 3211 epistolis
1339 3146 1392 3195 et
1431 3141 1700 3210 praecipue
1750 3140 1810 3192 in
1849 3139 1989 3192 libro
2031 3140 2095 3192 de
2134 3139 2256 3192 uni-

221 3216 334 3265 tate
371 3214 640 3281 Ecclesiae,
680 3219 983 3287 praesertim
1022 3236 1134 3286 cap.
1176 3216 1271 3271 IV.
1314 3235 1425 3269 non
1466 3214 1746 3285 cognoscit
1772 3214 1921 3266 aliud
1947 3233 2254 3283 supremum

222 3287 604 3357 magisterium,
643 3292 803 3344 aliam
842 3292 1083 3362 regulam
1122 3291 1261 3355 fidei,
1316 3308 1475 3359 quam
1514 3288 1864 3341 traditionem
1910 3288 2256 3341 ecclesiarum

223 3365 276 3413 et
317 3364 622 3417 unanimem
647 3367 1088 3434 praedicationem
1114 3365 1510 3434 Episcoporum
1550 3366 1666 3415 tum
1703 3363 1848 3416 inter
1888 3381 1943 3415 se
1968 3366 2089 3416 tum
2115 3382 2180 3431 pl
2185 3380 2254 3414 ae-

223 3435 376 3503 cipue
404 3456 524 3489 cum
549 3438 812 3493 Pontifice
836 3441 1010 3503 Rom„
1038 3443 1299 3508 tanquam
1326 3456 1444 3490 cum
1473 3436 1701 3490 unitatis
1729 3441 1916 3490 centro
1942 3441 1998 3490 et
2023 3437 2252 3506 origine.

223 3509 468 3577 Epistola
507 3512 572 3563 ad
609 3513 998 3583 Pupinianum:
1044 3513 1324 3565 «Christus
1361 3511 1494 3563 dicit
1531 3510 1595 3562 ad
1623 3509 1921 3580 Apostolos
1947 3529 2008 3563 ac
2034 3528 2130 3578 per
2155 3510 2254 3561 hos

224 3584 291 3636 ad
330 3603 512 3638 omnes
532 3589 870 3657 praepositos,
912 3587 1004 3657 qui
1029 3586 1311 3656 Apostolis
1338 3585 1537 3638 vicaria
1564 3585 1909 3638 ordinatione
1935 3583 2252 3637 succedunt:

233 3659 334 3725 Qui
373 3661 529 3714 audit
564 3678 669 3725 vos,
707 3680 790 3716 me
827 3664 1007 3716 audit:
1046 3663 1138 3729 qui
1174 3676 1263 3713 vos
1300 3661 1492 3727 rejicit,
1533 3676 1614 3712 me
1649 3661 1876 3728 rejicit.»
1955 3657 2028 3711 Et
2054 3675 2136 3726 ep.
2166 3661 2252 3710 27.

225 3735 288 3786 de
327 3733 545 3803 Lapsis:
589 3735 870 3790 «Christus
909 3735 1040 3789 dicit
1077 3734 1146 3787 ad
1182 3733 1434 3787 Petrum:
1475 3732 1552 3788 Et
1588 3750 1681 3803 390
1718 3734 1834 3788 dico
1874 3732 1985 3796 tibi,
2033 3733 2159 3800 quia
2198 3736 2256 3785 tu

1906 3819 1958 3864 3*
