2722 4146
2134 316 2204 366 87

171 457 519 527 reperiuntur
558 458 618 510 in
639 457 798 510 Bulla
835 459 902 510 ad
943 459 1189 513 ultimam
1227 460 1455 513 formam
1483 461 1715 524 redacta,
1757 477 1873 530 quae
1898 461 2212 515 solemniter

170 533 236 586 ad
278 531 575 586 Concilium
633 531 794 584 missa
835 536 932 596 est,
995 551 1214 603 quaeque
1272 554 1302 587 a
1345 535 1588 594 Concilio
1647 535 1754 588 fuit
1806 539 2099 604 acceptata,
2158 539 2212 589 et

172 607 465 660 secundum
506 625 665 675 quam
707 605 1010 658 Concilium
1050 608 1357 673 declaravit,
1398 628 1493 679 per
1533 610 1733 663 dictam
1770 609 1984 662 Bullam
2033 609 2211 680 Euge-

172 682 322 734 nium
361 679 455 734 IV.
509 680 834 733 satisfecisse
891 681 1134 735 Concilio
1186 683 1362 751 plene,
1415 687 1469 736 et
1520 683 1890 738 reconciliatio
1929 684 2072 736 facta
2111 687 2209 737 est.

170 756 435 808 Praeterea
475 773 569 824 per
610 754 704 806 illa
743 755 922 819 verba,
964 758 1026 808 ut
1066 760 1449 810 revocarentur
1489 775 1605 826 quae
1645 761 1836 811 contra
1886 777 2036 810 suam
2088 776 2210 827 per-

170 849 374 893 sonam,
434 829 815 882 auctoritatem
873 833 928 882 et
983 831 1288 884 libertatem
1348 831 1433 883 vel
1493 830 1543 884 S.
1598 831 1661 884 R.
1716 832 1777 885 Ε.
1828 831 2208 896 Cardinalium,

168 904 503 973 aliorumque
542 903 644 955 sibi
682 903 1087 968 adhaerentium,
1128 924 1234 958 non
1278 905 1685 975 intelligebatur
1723 906 1998 959 revocatio
2039 906 2210 960 dereti

169 978 358 1032 famosi
380 977 632 1030 sessionis
654 977 875 1046 quintae,
898 979 1040 1048 quod
1063 979 1335 1032 decretum
1356 983 1439 1032 ter
1462 980 1517 1031 in
1536 979 1779 1034 Concilio
1803 979 2210 1034 Constantiensi

171 1052 380 1121 (Basil.)
421 1055 548 1105 ante
586 1052 1085 1105 reconciliationem
1124 1053 1302 1106 fuerat
1342 1057 1678 1118 renovatum,
1732 1054 1822 1106 sed
1861 1054 2208 1123 rejiciebatur

174 1127 314 1179 mala
355 1126 738 1194 interpretat-io
781 1129 835 1179 et
874 1126 1071 1179 abusus
1112 1127 1260 1180 illius
1300 1127 1516 1191 decreti,
1559 1147 1664 1197 quo
1707 1131 1899 1181 contra
1925 1147 2210 1197 personam

181 1201 660 1254 etauctoritatem
698 1199 946 1271 Eugenii,
1009 1201 1377 1254 Cardinalium
1416 1206 1515 1255 etc.
1574 1203 1653 1254 ita
1709 1203 2087 1272 procedebant,
2147 1207 2210 1257 ut

170 1279 360 1328 contra
400 1293 609 1328 omnem
650 1275 958 1343 aequitatem
997 1279 1051 1328 et
1091 1295 1319 1328 canones
1358 1280 1637 1346 negarent,
1698 1295 1852 1345 posse
1904 1277 2208 1347 Eugenium

171 1368 235 1402 ex
270 1350 434 1419 justis
475 1353 529 1402 et
567 1349 986 1403 rationabilibus
1028 1350 1200 1402 causis
1229 1351 1528 1403 Concilium
1555 1351 1876 1419 suspendere
1903 1351 1987 1403 vel
2027 1354 2207 1404 trans-

168 1423 310 1476 ferre
350 1424 432 1476 vel
458 1424 767 1487 dissolvere,
800 1443 977 1476 creare
1006 1424 1235 1476 durante
1263 1424 1504 1478 Concilio
1535 1423 1858 1489 CardinaleS,
1887 1426 1972 1478 vel
1999 1431 2207 1478 creatos

166 1499 443 1567 publicare
485 1530 550 1536 --
592 1502 831 1551 statuere
871 1499 934 1550 de
974 1518 1070 1551 suo
1099 1499 1338 1551 dominio
1366 1499 1671 1568 temporali,
1714 1499 2021 1567 dispensare
2046 1500 2206 1552 bene-

168 1573 290 1625 ficia
330 1577 428 1626 etc.
472 1576 526 1626 et
565 1592 671 1642 quo
712 1574 929 1626 tandem
967 1573 1146 1642 ipsum
1185 1573 1492 1643 Eugenium
1530 1573 1624 1627 IV.
1669 1573 1821 1642 eique
1874 1574 2204 1627 adhaerentes

168 1647 473 1700 Cardinales
531 1652 788 1700 accusant
848 1647 1197 1700 contumaciae
1256 1652 1309 1700 et
1379 1647 1486 1699 nisi
1546 1646 1787 1700 Concilio
1846 1648 2201 1710 satisfaciant,

166 1722 445 1774 minantur
486 1728 676 1775 contra
716 1722 892 1791 ipsum
930 1722 1234 1791 procedere.
1315 1720 1392 1774 Cf.
1435 1740 1560 1774 sess.
1602 1721 1696 1775 IV.
1739 1721 1833 1774 VI.
1875 1721 1998 1774 VII.
2048 1721 2200 1774 VIII.

179 1795 300 1851 XII.
343 1795 493 1849 XIII.
577 1796 793 1864 (Mansi,
834 1800 965 1849 tom.
1007 1795 1203 1848 XXIX.
1247 1815 1367 1866 pag.
1413 1801 1495 1848 39.
1539 1801 1624 1848 43.
1668 1795 1777 1864 64.)

311 1869 606 1940 Nunquam
644 1871 921 1941 Eugenius
961 1870 1271 1923 authentice
1312 1870 1533 1940 negavit
1572 1870 1655 1922 vel
1695 1871 1907 1922 decreta
1958 1869 2054 1922 illa
2094 1888 2201 1922 ses-

166 1944 333 1997 sionis
373 1950 578 2014 quartae
617 1951 672 1999 et
711 1946 911 2015 quintae
952 1945 1380 1998 Constantiensis
1422 1944 1650 1996 Concilii
1691 1963 1802 1996 non
1843 1943 2005 1996 fuisse
2041 1962 2203 1996 cano-

166 2019 302 2082 nica,
345 2023 399 2072 et
436 2040 466 2072 a
507 2019 641 2073 Sede
661 2021 904 2073 Romana
944 2023 1218 2088 suscepta:
1261 2019 1346 2071 vel
1374 2038 1484 2071 non
1512 2019 1774 2088 respicere
1802 2018 1962 2070 etiam
1986 2021 2200 2086 tempus

168 2094 301 2146 certi
361 2097 416 2147 et
467 2095 698 2165 legitimi
752 2094 936 2163 Papae:
998 2094 1087 2146 sed
1145 2096 1362 2146 tantum
1419 2093 1611 2144 malam
1671 2092 2196 2162 interpretationem,

165 2168 356 2220 malam
394 2170 828 2238 applicationem,
871 2187 1140 2221 enormem
1178 2169 1402 2219 abusum
1441 2167 1732 2220 damnavit.

312 2242 426 2296 Nec
482 2244 707 2313 alicujus
746 2243 1018 2312 ponderiS,
1061 2242 1202 2310 quod
1242 2241 1320 2294 ait
1358 2240 1594 2294 Joannes
1652 2242 1715 2293 de
1774 2241 2198 2303 Turrecremata,

164 2317 468 2387 Eugenium
509 2318 602 2370 IV.
647 2317 936 2369 Florentiae
976 2316 1195 2369 Juliano
1237 2316 1299 2367 de
1340 2315 1622 2368 Caesarinis
1651 2314 1702 2367 S.
1733 2315 1797 2366 R.
1827 2314 1887 2365 E.
1927 2314 2201 2367 Cardinali

163 2391 221 2443 in
258 2392 521 2444 honorem
561 2391 880 2444 Basileensis
923 2390 1151 2443 Concilii
1191 2408 1255 2442 ex
1295 2389 1464 2458 ipsius
1503 2389 1785 2442 Pontificis
1826 2387 1998 2440 Bullis
2038 2407 2200 2457 argu-

166 2470 408 2518 mentum
449 2466 746 2534 opponenti
775 2466 1138 2534 respondisse:
1185 2463 1331 2516 «Nos
1360 2464 1573 2532 quidem
1599 2481 1946 2533 progressum
1973 2461 2201 2514 Concilii

163 2540 597 2608 approbavimUS,
640 2541 901 2603 volentes,
946 2543 1007 2592 ut
1047 2538 1375 2608 procederet,
1419 2542 1480 2590 ut
1520 2539 1831 2605 incoeperat,
1872 2555 1977 2588 non
2021 2539 2197 2588 tamen

162 2614 578 2682 approbavimus
618 2617 730 2684 ejus
771 2615 1034 2667 decreta.»
1116 2611 1255 2664 Nam
1305 2612 1416 2663 haec
1467 2611 1748 2679 responsio
1803 2610 2018 2679 privata
2055 2609 2198 2662 Pon-

163 2689 344 2751 tificiS,
387 2705 607 2758 quaeque
646 2688 959 2742 testimonio
989 2687 1412 2739 Turrecrematae
1438 2686 1717 2748 innititur,
1758 2684 1960 2737 nullius
1987 2684 2199 2736 roboris

164 2766 245 2815 est
283 2763 348 2814 ad
401 2763 828 2816 labefactandam
878 2761 1328 2831 approbationem
1386 2764 1440 2812 et
1481 2759 1945 2812 confirmationem
1982 2749 2199 2826 publica

164 2837 568 2890 Constitutione
607 2857 637 2890 a
676 2837 882 2906 synodo
921 2839 1206 2904 receptam,
1250 2838 1304 2888 et
1343 2835 1400 2886 in
1440 2834 1769 2886 authenticis
1810 2832 1942 2884 actis
1984 2831 2197 2900 consig-

164 2914 364 2975 natam,
419 2930 523 2980 qua
578 2912 772 2965 asserit
811 2911 1112 2964 Concilium
1168 2929 1266 2978 pro
1317 2908 1678 2969 extimatione
1731 2908 2008 2968 haeresum,
2067 2923 2196 2973 pace

164 2985 351 3054 populi
391 2985 673 3039 christiani
721 3005 781 3039 ac
820 2984 1059 3055 generali
1111 2983 1501 3035 reformatione
1542 2981 1791 3033 Ecclesiae
1831 2981 1886 3030 in
1929 2979 2104 3047 capite
2144 2982 2197 3032 et

163 3060 222 3112 in
246 3060 512 3113 membris.
541 3065 595 3113 et
620 3059 1022 3130 pertinentibus
1049 3058 1115 3109 ad
1140 3076 1217 3120 ea,
1246 3075 1452 3125 semper
1480 3055 1911 3124 prosecutionem
1948 3053 2197 3105 habuisse

166 3137 219 3186 et
255 3133 449 3189 habere
488 3135 693 3199 debere,
733 3154 794 3187 ac
833 3134 879 3187 si
919 3133 1070 3185 nulla
1109 3131 1394 3184 dissolutio
1435 3131 1577 3182 facta
1616 3128 1820 3193 fuisset,
1864 3145 2023 3195 seque
2061 3143 2197 3196 prae-

166 3207 368 3260 dictum
410 3207 708 3261 Concilium
748 3227 879 3278 pure
922 3206 1239 3275 simpliciter
1280 3223 1400 3257 cum
1427 3203 1574 3255 omni
1599 3202 1796 3255 affectu
1832 3205 1886 3254 et
1913 3202 2196 3254 devotione

165 3284 220 3333 et
258 3281 440 3332 favore
491 3283 744 3352 prosequi
795 3287 851 3336 et
899 3282 965 3334 ad
1004 3299 1151 3332 suam
1203 3298 1382 3331 veram
1433 3281 1488 3330 et
1525 3277 1787 3328 sinceram
1834 3275 2195 3328 intentionem

165 3373 222 3407 re
261 3355 643 3407 ostendendam
685 3375 867 3409 omnes
906 3355 1108 3417 Bullas,
1149 3370 1264 3423 quae
1304 3355 1493 3405 contra
1531 3351 1911 3404 auctoritatem
1951 3350 2191 3419 praedicti

169 3428 396 3481 Concilii
453 3429 609 3481 editae
659 3431 893 3494 fuerant,
952 3429 1018 3481 ad
1070 3429 1291 3480 verbum
1348 3428 1564 3478 revocat
1605 3429 1659 3478 et
1717 3425 1901 3479 irritas
1941 3425 2191 3476 declarat.

167 3502 255 3555 An
296 3502 400 3554 hoc
439 3521 552 3554 non
590 3508 674 3557 est
713 3504 1017 3558 consentire
1056 3520 1189 3571 pure
1230 3499 1469 3553 Concilio
1510 3502 1563 3551 et
1602 3499 1846 3565 decretis,
1888 3515 2003 3567 quae
2029 3516 2192 3566 syno-

167 3576 360 3629 daliter
400 3576 616 3631 fuerant
655 3577 797 3631 edita
834 3579 919 3631 vel
959 3577 1276 3629 confirmata
1314 3573 1374 3625 in
1414 3571 1692 3626 Concilio?

313 3649 578 3703 Praeterea
615 3652 754 3704 idem
793 3651 1070 3722 Eugenius
1107 3648 1202 3701 IV.
1243 3647 1302 3699 in
1339 3647 1533 3711 literis,
1575 3666 1705 3716 quas
1744 3666 1830 3699 an.
1880 3649 2013 3698 1447
2065 3646 2191 3696 ante

168 3743 323 3779 suum
362 3724 570 3782 obitum
594 3726 814 3799 scripsit
838 3726 905 3779 ad
924 3725 1311 3797 Imperatorem
1338 3719 1665 3779 Fridericum
1694 3721 1792 3780 III.
1823 3721 2192 3777 Romanorum
