2722 4146
2191 281 2259 343 7⁶7

226 432 432 507 quanto
471 432 692 507 negaret
730 431 1023 504 primatum
1061 427 1254 489 summi
1291 427 1576 490 Pontificis
1627 450 1788 506 super
1837 430 1970 490 alias
2014 437 2263 491 ecclesias

225 511 579 580 particulares
620 509 761 577 (Ibid
799 528 921 580 pag.
966 511 1112 579 634),

332 623 337 629 -
372 585 502 638 Pius
540 583 610 638 ΙΙ.
652 583 710 635 in
750 583 1158 636 Retractatione
1197 584 1382 637 Romae
1431 583 1574 638 fact’a
1627 589 1777 638 sexto
1829 584 2088 638 Calendas
2132 584 2263 655 Maji

224 679 309 712 an.
359 664 525 712 1403:
589 657 754 710 «Cum
794 657 895 721 his,
936 657 1130 727 inquit,
1190 663 1245 712 et
1283 660 1550 728 generalis
1608 659 1835 712 Concilii
1880 659 2263 713 auctoritatem

225 733 647 802 complectimur,
688 732 1131 800 quemadmodum
1172 737 1227 786 et
1265 751 1377 786 aevo
1417 738 1608 787 nostro
1637 734 1985 794 Constantiae,
2025 734 2152 786 dum
2188 734 2263 786 ibi

225 808 333 860 fuit
359 806 594 876 synodus
621 806 959 869 universaliS,
1001 806 1330 860 declaratum
1357 807 1744 878 definitumque
1771 813 1869 862 est.
1928 807 2263 861 Veneramur

225 882 369 934 enim
409 880 823 934 Constantiense
884 880 1182 933 Concilium
1239 885 1294 935 et
1334 886 1543 946 cuncta,
1604 900 1722 951 quae
1779 886 2193 951 praecesserunt,
2233 901 2264 934 a

228 956 380 1008 Rom.
438 954 796 1007 Pontificibus
846 955 1050 1007 nostris
1100 956 1579 1023 praedecessoribus
1635 958 1987 1026 approbata.»
2085 956 2266 1010 Verba

227 1049 352 1083 vero
394 1029 697 1081 immediate
737 1029 1096 1097 praecedentia
1135 1030 1247 1082 haec
1286 1033 1441 1082 sunt:
1499 1030 1636 1092 «Qui
1687 1033 1946 1097 (summus
1985 1030 2263 1100 Pontifex)

229 1105 331 1156 etsi
371 1104 516 1156 filius
558 1107 640 1156 est
679 1107 904 1171 propter
943 1105 1427 1172 regenerationem,
1467 1109 1689 1173 propter
1727 1105 2048 1174 dignitatem
2087 1108 2266 1158 tamen

224 1183 378 1247 pater
418 1178 662 1240 habetur,
704 1180 758 1230 et
797 1177 936 1230 sicut
979 1177 1260 1230 filiationis
1301 1197 1458 1231 causa
1497 1179 1740 1231 venerari
1780 1180 1936 1232 debet
1970 1179 2262 1231 Ecclesiam

224 1257 482 1321 tanquam
504 1250 763 1313 Matrem3
804 1251 881 1303 ita
921 1255 974 1303 et
1013 1252 1347 1320 praelationis
1375 1271 1533 1305 causa
1559 1254 1846 1321 praefertur
1873 1253 1938 1317 ei,
1978 1257 2042 1305 ut
2066 1252 2262 1305 Pastor

222 1326 394 1396 gregi,
434 1325 691 1394 Princeps
731 1326 951 1394 popuIO,
993 1331 1171 1378 rector
1197 1327 1468 1379 familiae.»
1548 1326 1971 1391 Advertendum,
2004 1326 2163 1378 Pium
2188 1327 2258 1378 ΙΙ.

225 1401 298 1452 ibi
339 1403 635 1452 retractare
675 1418 750 1463 ea,
792 1418 910 1468 quae
950 1405 1208 1465 senserat,
1249 1402 1462 1470 quando
1489 1401 1596 1453 fuit
1616 1401 1855 1464 Basileae,
1896 1401 1991 1469 qui
2018 1401 2260 1453 Concilio

226 1474 523 1527 Basileensi
580 1473 823 1537 adhaesit,
885 1474 1046 1527 etiam
1105 1493 1224 1526 cum
1283 1475 1390 1528 fuit
1428 1475 1774 1528 manifestum
1832 1475 2260 1537 conciliabolum,

226 1551 385 1602 etiam
427 1548 640 1617 quando
682 1549 883 1601 creavit
924 1548 1254 1617 antipapam,
1315 1553 1368 1602 et
1407 1552 1587 1601 tamen
1623 1549 1681 1601 in
1718 1553 1838 1603 tota
1874 1549 2262 1602 retractatione

225 1642 291 1676 nc
330 1625 550 1675 verbum
590 1623 803 1691 quidem
844 1623 991 1685 dicit,
1045 1641 1151 1691 quo
1203 1624 1413 1692 rejiciat
1451 1623 1664 1676 decreta
1702 1627 1908 1692 quartae
1965 1627 2020 1676 et
2059 1623 2262 1692 quintae

229 1697 482 1750 sessionis
524 1697 752 1749 Concilii
795 1696 1242 1761 ConstantiensiS,
1300 1701 1395 1750 aut
1451 1697 1514 1749 de
1553 1716 1738 1749 eorum
1781 1698 1963 1750 valore
2019 1698 2260 1759 dubitet3

226 1773 314 1824 scd
358 1776 574 1824 tantum
614 1771 913 1839 proclamat
953 1771 1251 1824 Primatum
1290 1771 1457 1833 Petri,
1506 1776 1559 1824 et
1596 1772 1790 1823 malam
1828 1772 2262 1840 applicationem,

226 1865 387 1915 quam
426 1846 807 1914 praedictorum
868 1846 1205 1898 decretorum
1255 1846 1494 1898 fecerant
1531 1846 1719 1898 Patres
1759 1846 2108 1906 Basileenses,
2168 1846 2259 1914 qui

227 1940 394 1989 usquc
432 1920 497 1972 ad
526 1924 772 1988 apertum
797 1920 1025 1971 schisma
1045 1924 1425 1989 proruperant.
1473 1918 1546 1973 Et
1566 1920 1691 1989 quia
1719 1921 1776 1972 in
1796 1938 1856 1972 ea
1875 1920 2262 1973 retractatione

223 1999 373 2047 totus
413 1998 509 2058 cst,
552 2000 613 2047 ut
652 1995 880 2047 extollat
919 1994 1219 2046 Primatum
1258 1993 1423 2059 Petri,
1476 2012 1544 2045 ne
1595 1994 1680 2046 cui
1720 1993 1953 2062 suspicio
2001 1995 2259 2057 oriretur,

223 2087 278 2121 se
317 2070 568 2121 damnare
620 2087 696 2132 ea,
757 2087 875 2137 quaa
934 2068 991 2120 vin
1052 2067 1292 2120 Concilio
1351 2060 1755 2121 Constantiensi
1811 2068 1874 2120 de
1932 2069 2259 2121 auctoritate

223 2143 453 2195 Concilii
491 2143 804 2195 oecumenici
844 2142 1131 2194 Ecclesiam
1173 2142 1530 2194 universalem
1567 2142 2008 2211 repraesentantis
2037 2142 2258 2194 definita

224 2219 460 2280 fuerant,
503 2217 634 2269 dicit
674 2235 729 2269 se
767 2217 1013 2269 venerari
1053 2221 1107 2269 et
1147 2216 1384 2285 recipere
1421 2217 1804 2269 auctoritatem
1830 2216 2059 2268 Concilii
2096 2234 2258 2286 gene-

221 2293 366 2355 raliS,
426 2291 867 2359 quemadmodum
917 2290 1252 2343 Constantia}
1315 2291 1644 2343 declaratum
1707 2290 2093 2358 definitumque
2157 2294 2256 2342 est.

220 2365 391 2435 Atqui
417 2366 531 2417 haec
556 2365 865 2428 declaratio,
904 2365 1018 2416 haec
1043 2364 1286 2417 definitio
1315 2369 1396 2418 est
1420 2365 1478 2416 in
1505 2365 1739 2417 sessione
1766 2369 1957 2433 quarta
1984 2368 2039 2417 et
2065 2365 2258 2433 quinta

220 2440 455 2508 ejusdem
495 2438 749 2501 Concilii;
808 2457 938 2508 ergo
995 2442 1179 2507 aperte
1235 2439 1464 2491 habetur
1503 2457 1557 2491 se
1595 2439 1851 2507 recipere,
1909 2438 2156 2490 venerari
2203 2443 2257 2490 et

220 2513 472 2582 amplecti
522 2513 724 2565 famosa
779 2513 871 2565 illa
922 2513 1135 2564 decreta
1184 2512 1439 2565 sessionis
1480 2516 1686 2581 quartae
1738 2515 1792 2563 et
1833 2512 2054 2580 quintae,
2103 2513 2255 2564 dum-

220 2588 376 2639 modo
435 2606 546 2640 non
603 2587 680 2639 ita
738 2587 1136 2656 intelligantur,
1209 2587 1655 2654 quemadmodum
1724 2586 1818 2637 illa
1874 2586 2255 2639 intellexerant

220 2662 405 2714 Patres
426 2661 771 2724 Basileenses,
814 2661 905 2729 qui
945 2663 1137 2713 contra
1158 2659 1458 2712 Primatum
1479 2660 1628 2713 Petri
1668 2659 1724 2712 in
1751 2664 2000 2728 apertum
2027 2660 2255 2712 schisma

221 2739 606 2805 proruperunt.
667 2735 947 2797 Quomodo
986 2752 1113 2786 vero
1153 2735 1412 2802 praedicta
1451 2735 1666 2787 decreta
1692 2735 1844 2786 nullo
1871 2735 2029 2786 modo
2054 2735 2254 2785 laedant

219 2811 519 2862 Primatum
558 2810 707 2862 Petri
747 2810 804 2861 in
844 2809 1147 2862 universam
1187 2808 1496 2873 Ecclesiam,
1552 2810 1636 2861 vel
1689 2809 1937 2861 scindant
1991 2808 2252 2860 unitatem

220 2884 469 2936 Ecclesiae
506 2883 734 2936 inferius
773 2883 1108 2952 probabitur.

365 2959 488 3027 Ipse
527 2958 805 3028 Eugenius
845 2957 938 3010 IV.
981 2957 1039 3008 in
1079 2956 1280 3009 litteris
1307 2956 1372 3008 ad
1402 2955 1732 3007 Fridericum
1759 2955 1856 3007 III.
1886 2956 2250 3007 Romanorum

220 3051 399 3103 regem
436 3051 522 3085 an.
571 3038 703 3085 1447
747 3032 909 3101 paulo
949 3036 1075 3083 ante
1115 3031 1322 3083 obitum
1362 3030 1520 3092 datis,
1562 3030 1740 3081 omnia
1778 3029 1990 3081 decreta
2027 3029 2252 3097 ideoque

219 3112 275 3159 et
331 3107 424 3158 illa
470 3107 726 3159 sessionis
783 3110 992 3175 quartae
1048 3108 1103 3157 et
1159 3104 1365 3173 quintae
1423 3103 1894 3156 indiscriminatim
1951 3103 2249 3171 approbat:

224 3180 559 3233 «Concilium
598 3186 776 3233 autem
815 3180 1057 3248 ycwcrale
1099 3177 1513 3239 Constaoztievszse,
1558 3178 1828 3229 decretum
1866 3177 2149 3244 FrequenS,
2189 3195 2251 3229 ac

222 3254 335 3306 alia
373 3256 488 3321 ejus
526 3256 732 3306 decreta
771 3255 910 3307 sicut
951 3257 1142 3306 caetera
1166 3253 1272 3305 alia
1298 3251 1539 3304 Concilia
1566 3251 1897 3303 Catholicam
1927 3250 2250 3304 militantem

223 3327 516 3379 Ecclesiam
563 3328 1021 3396 repraesentantia,
1081 3326 1323 3395 ipsorum
1380 3328 1723 3393 potestatem,
1772 3325 2148 3378 auctoritatem
2196 3329 2250 3376 et

222 3401 583 3464 eminentiam,
623 3401 765 3454 sicut
802 3407 856 3455 et
896 3401 1077 3454 caeteri
1115 3404 1477 3453 antecessores
1517 3399 1709 3462 nostri,
1749 3417 1780 3451 a
1819 3418 2047 3468 quorum
2085 3398 2247 3451 vesti-

222 3475 327 3545 giis
367 3474 580 3526 deviare
636 3493 912 3544 nunquam
970 3474 1312 3534 intendimus,
1372 3472 1706 3541 suscipimuS,
1764 3474 2136 3541 amplectimur
2193 3474 2246 3527 ct

223 3567 590 3600 veneramur.»
670 3549 955 3618 (Raynald.
996 3565 1140 3600 anno
1190 3551 1341 3599 1447.
1370 3565 1422 3598 n.
1466 3547 1539 3615 5.)
