<?xml version="1.0" encoding="UTF-8"?>
<!DOCTYPE html PUBLIC "-//W3C//DTD XHTML 1.0 Transitional//EN"
    "http://www.w3.org/TR/xhtml1/DTD/xhtml1-transitional.dtd">
<html xmlns="http://www.w3.org/1999/xhtml" xml:lang="en" lang="en">
 <head>
  <title>
</title>
<meta http-equiv="Content-Type" content="text/html;charset=utf-8" />
  <meta name='ocr-system' content='tesseract 3.04.00' />
  <meta name='ocr-capabilities' content='ocr_page ocr_carea ocr_par ocr_line ocrx_word'/>
</head>
<body>
  <div class='ocr_page' id='page_1' title='image "./a582484600frieuoft_0056.png"; bbox 0 0 2722 4146; ppageno 0'>
   <div class='ocr_carea' id='block_1_1' title="bbox 479 264 551 318">
    <p class='ocr_par' dir='ltr' id='par_1_1' title="bbox 479 264 551 318">
     <span class='ocr_line' id='line_1_1' title="bbox 479 264 551 318; baseline 0 0"><span class='ocrx_word' id='word_1_1' title='bbox 479 264 551 318; x_wconf 81' lang='lat'>44</span> 
     </span>
    </p>
   </div>
   <div class='ocr_carea' id='block_1_2' title="bbox 477 405 2525 557">
    <p class='ocr_par' dir='ltr' id='par_1_2' title="bbox 477 405 2525 557">
     <span class='ocr_line' id='line_1_2' title="bbox 477 405 2525 482; baseline -0.002 -17"><span class='ocrx_word' id='word_1_2' title='bbox 477 412 719 482; x_wconf 73' lang='lat' dir='ltr'><strong>antiquis</strong></span> <span class='ocrx_word' id='word_1_3' title='bbox 771 410 1025 480; x_wconf 87' lang='lat' dir='ltr'>exemplis</span> <span class='ocrx_word' id='word_1_4' title='bbox 1079 411 1309 473; x_wconf 76' lang='lat' dir='ltr'>utenteS,</span> <span class='ocrx_word' id='word_1_5' title='bbox 1363 410 1707 464; x_wconf 77' lang='lat' dir='ltr'>communiter</span> <span class='ocrx_word' id='word_1_6' title='bbox 1763 408 1827 463; x_wconf 90' lang='lat' dir='ltr'>de</span> <span class='ocrx_word' id='word_1_7' title='bbox 1883 406 2088 463; x_wconf 84' lang='lat' dir='ltr'>exortis</span> <span class='ocrx_word' id='word_1_8' title='bbox 2139 405 2431 460; x_wconf 68' lang='lat' dir='ltr'>haeresibus</span> <span class='ocrx_word' id='word_1_9' title='bbox 2471 408 2525 461; x_wconf 90' lang='lat' dir='ltr'>et</span> 
     </span>
     <span class='ocr_line' id='line_1_3' title="bbox 478 485 1340 557; baseline -0.009 -18"><span class='ocrx_word' id='word_1_10' title='bbox 478 486 866 557; x_wconf 71' lang='lat' dir='ltr'>quaestionibus</span> <span class='ocrx_word' id='word_1_11' title='bbox 905 485 1340 555; x_wconf 73' lang='lat' dir='ltr'>disposuerunt.»</span> 
     </span>
    </p>
   </div>
   <div class='ocr_carea' id='block_1_3' title="bbox 1185 663 1825 743">
    <p class='ocr_par' dir='ltr' id='par_1_3' title="bbox 1185 663 1825 743">
     <span class='ocr_line' id='line_1_4' title="bbox 1185 663 1825 743; baseline 0.002 -20"><span class='ocrx_word' id='word_1_12' title='bbox 1185 663 1464 743; x_wconf 87' lang='lat' dir='ltr'>Synodus</span> <span class='ocrx_word' id='word_1_13' title='bbox 1513 664 1825 743; x_wconf 81' lang='lat' dir='ltr'>Ephesina.</span> 
     </span>
    </p>
   </div>
   <div class='ocr_carea' id='block_1_4' title="bbox 470 780 2598 3757">
    <p class='ocr_par' dir='ltr' id='par_1_4' title="bbox 470 780 2529 1804">
     <span class='ocr_line' id='line_1_5' title="bbox 625 780 2526 850; baseline -0.001 -14"><span class='ocrx_word' id='word_1_14' title='bbox 625 782 923 836; x_wconf 84' lang='lat' dir='ltr'>Concilium</span> <span class='ocrx_word' id='word_1_15' title='bbox 961 780 1523 850; x_wconf 85' lang='lat' dir='ltr'>Hierosolymitanum</span> <span class='ocrx_word' id='word_1_16' title='bbox 1563 781 1812 834; x_wconf 89' lang='lat' dir='ltr'>omnibus</span> <span class='ocrx_word' id='word_1_17' title='bbox 1852 780 2053 834; x_wconf 83' lang='lat' dir='ltr'>futuris</span> <span class='ocrx_word' id='word_1_18' title='bbox 2093 780 2350 835; x_wconf 85' lang='lat' dir='ltr'>Conciliis</span> <span class='ocrx_word' id='word_1_19' title='bbox 2395 800 2526 835; x_wconf 90' lang='lat' dir='ltr'>nor-</span> 
     </span>
     <span class='ocr_line' id='line_1_6' title="bbox 476 855 2526 926; baseline -0 -15"><span class='ocrx_word' id='word_1_20' title='bbox 476 877 614 911; x_wconf 85' lang='lat' dir='ltr'>mam</span> <span class='ocrx_word' id='word_1_21' title='bbox 654 856 960 925; x_wconf 86' lang='lat' dir='ltr'>praebuisse,</span> <span class='ocrx_word' id='word_1_22' title='bbox 1001 859 1128 909; x_wconf 88' lang='lat' dir='ltr'>ante</span> <span class='ocrx_word' id='word_1_23' title='bbox 1167 855 1355 909; x_wconf 88' lang='lat' dir='ltr'>Patres</span> <span class='ocrx_word' id='word_1_24' title='bbox 1397 855 1624 909; x_wconf 83' lang='lat' dir='ltr'>Concilii</span> <span class='ocrx_word' id='word_1_25' title='bbox 1664 856 1860 926; x_wconf 88' lang='lat' dir='ltr'>quinti,</span> <span class='ocrx_word' id='word_1_26' title='bbox 1901 855 2097 909; x_wconf 89' lang='lat' dir='ltr'>clarius</span> <span class='ocrx_word' id='word_1_27' title='bbox 2142 856 2526 910; x_wconf 87' lang='lat' dir='ltr'>enunciaverat</span> 
     </span>
     <span class='ocr_line' id='line_1_7' title="bbox 476 930 2528 999; baseline -0.001 -13"><span class='ocrx_word' id='word_1_28' title='bbox 476 932 529 986; x_wconf 79' lang='lat' dir='ltr'>S.</span> <span class='ocrx_word' id='word_1_29' title='bbox 576 930 901 984; x_wconf 75' lang='lat' dir='ltr'>Coclestinus</span> <span class='ocrx_word' id='word_1_30' title='bbox 939 930 995 983; x_wconf 89' lang='lat' dir='ltr'>in</span> <span class='ocrx_word' id='word_1_31' title='bbox 1037 930 1284 999; x_wconf 85' lang='lat' dir='ltr'>epistola,</span> <span class='ocrx_word' id='word_1_32' title='bbox 1337 949 1498 999; x_wconf 90' lang='lat' dir='ltr'>quam</span> <span class='ocrx_word' id='word_1_33' title='bbox 1532 931 1599 983; x_wconf 91' lang='lat' dir='ltr'>ad</span> <span class='ocrx_word' id='word_1_34' title='bbox 1638 949 1843 983; x_wconf 89' lang='lat' dir='ltr'>sacram</span> <span class='ocrx_word' id='word_1_35' title='bbox 1896 931 2163 999; x_wconf 86' lang='lat' dir='ltr'>synodum</span> <span class='ocrx_word' id='word_1_36' title='bbox 2203 930 2528 998; x_wconf 76' lang='lat' dir='ltr'>Ephesinam</span> 
     </span>
     <span class='ocr_line' id='line_1_8' title="bbox 475 1003 2527 1076; baseline -0.001 -18"><span class='ocrx_word' id='word_1_37' title='bbox 475 1024 567 1076; x_wconf 90' lang='lat' dir='ltr'>per</span> <span class='ocrx_word' id='word_1_38' title='bbox 607 1004 838 1075; x_wconf 87' lang='lat' dir='ltr'>Legatos</span> <span class='ocrx_word' id='word_1_39' title='bbox 878 1024 1004 1058; x_wconf 90' lang='lat' dir='ltr'>suos</span> <span class='ocrx_word' id='word_1_40' title='bbox 1042 1004 1208 1058; x_wconf 91' lang='lat' dir='ltr'>misit.</span> <span class='ocrx_word' id='word_1_41' title='bbox 1255 1004 1525 1074; x_wconf 83' lang='lat' dir='ltr'>«Spiritus</span> <span class='ocrx_word' id='word_1_42' title='bbox 1566 1004 1755 1068; x_wconf 82' lang='grc'>8011011,</span> <span class='ocrx_word' id='word_1_43' title='bbox 1796 1004 1875 1059; x_wconf 90' lang='lat' dir='ltr'>ait</span> <span class='ocrx_word' id='word_1_44' title='bbox 1914 1003 1965 1058; x_wconf 84' lang='lat' dir='ltr'>S.</span> <span class='ocrx_word' id='word_1_45' title='bbox 1992 1004 2262 1069; x_wconf 86' lang='lat' dir='ltr'>Pontifex,</span> <span class='ocrx_word' id='word_1_46' title='bbox 2292 1008 2527 1059; x_wconf 82' lang='lat' dir='ltr'>testatur</span> 
     </span>
     <span class='ocr_line' id='line_1_9' title="bbox 475 1078 2526 1150; baseline 0 -19"><span class='ocrx_word' id='word_1_47' title='bbox 475 1079 814 1149; x_wconf 68' lang='lat' dir='ltr'>praesentiam</span> <span class='ocrx_word' id='word_1_48' title='bbox 878 1079 1227 1150; x_wconf 83' lang='lat' dir='ltr'>congregatio</span> <span class='ocrx_word' id='word_1_49' title='bbox 1286 1079 1644 1133; x_wconf 87' lang='lat' dir='ltr'>sacerdotum.</span> <span class='ocrx_word' id='word_1_50' title='bbox 1743 1078 1962 1133; x_wconf 86' lang='lat' dir='ltr'>Certum</span> <span class='ocrx_word' id='word_1_51' title='bbox 2020 1083 2102 1133; x_wconf 88' lang='lat' dir='ltr'>est</span> <span class='ocrx_word' id='word_1_52' title='bbox 2159 1080 2319 1144; x_wconf 91' lang='lat' dir='ltr'>enim,</span> <span class='ocrx_word' id='word_1_53' title='bbox 2384 1080 2526 1148; x_wconf 90' lang='lat' dir='ltr'>quod</span> 
     </span>
     <span class='ocr_line' id='line_1_10' title="bbox 473 1153 2524 1226; baseline 0 -20"><span class='ocrx_word' id='word_1_54' title='bbox 473 1154 716 1224; x_wconf 84' lang='lat' dir='ltr'>legimuS,</span> <span class='ocrx_word' id='word_1_55' title='bbox 778 1154 930 1223; x_wconf 87' lang='lat' dir='ltr'>(quia</span> <span class='ocrx_word' id='word_1_56' title='bbox 987 1173 1097 1207; x_wconf 91' lang='lat' dir='ltr'>non</span> <span class='ocrx_word' id='word_1_57' title='bbox 1156 1158 1338 1223; x_wconf 91' lang='lat' dir='ltr'>potest</span> <span class='ocrx_word' id='word_1_58' title='bbox 1376 1155 1579 1208; x_wconf 86' lang='lat' dir='ltr'>veritas</span> <span class='ocrx_word' id='word_1_59' title='bbox 1617 1154 1858 1218; x_wconf 89' lang='lat' dir='ltr'>mentiri,</span> <span class='ocrx_word' id='word_1_60' title='bbox 1919 1155 2070 1223; x_wconf 89' lang='lat' dir='ltr'>cujus</span> <span class='ocrx_word' id='word_1_61' title='bbox 2128 1153 2187 1207; x_wconf 90' lang='lat' dir='ltr'>in</span> <span class='ocrx_word' id='word_1_62' title='bbox 2225 1154 2524 1226; x_wconf 85' lang='lat' dir='ltr'>Evangelio</span> 
     </span>
     <span class='ocr_line' id='line_1_11' title="bbox 473 1228 2525 1299; baseline 0 -18"><span class='ocrx_word' id='word_1_63' title='bbox 473 1229 578 1281; x_wconf 91' lang='lat' dir='ltr'>ista</span> <span class='ocrx_word' id='word_1_64' title='bbox 617 1229 886 1281; x_wconf 88' lang='lat' dir='ltr'>sententia</span> <span class='ocrx_word' id='word_1_65' title='bbox 943 1229 1078 1298; x_wconf 86' lang='lat' dir='ltr'>est):</span> <span class='ocrx_word' id='word_1_66' title='bbox 1129 1229 1223 1281; x_wconf 90' lang='lat' dir='ltr'>ubi</span> <span class='ocrx_word' id='word_1_67' title='bbox 1262 1229 1370 1282; x_wconf 92' lang='lat' dir='ltr'>duo</span> <span class='ocrx_word' id='word_1_68' title='bbox 1409 1229 1495 1281; x_wconf 88' lang='lat' dir='ltr'>vel</span> <span class='ocrx_word' id='word_1_69' title='bbox 1549 1232 1659 1282; x_wconf 90' lang='lat' dir='ltr'>tres</span> <span class='ocrx_word' id='word_1_70' title='bbox 1701 1228 2020 1299; x_wconf 84' lang='lat' dir='ltr'>congregati</span> <span class='ocrx_word' id='word_1_71' title='bbox 2077 1228 2284 1282; x_wconf 86' lang='lat' dir='ltr'>fuerint</span> <span class='ocrx_word' id='word_1_72' title='bbox 2323 1229 2380 1282; x_wconf 92' lang='lat' dir='ltr'>in</span> <span class='ocrx_word' id='word_1_73' title='bbox 2422 1247 2525 1282; x_wconf 90' lang='lat' dir='ltr'>no-</span> 
     </span>
     <span class='ocr_line' id='line_1_12' title="bbox 473 1301 2521 1374; baseline 0 -19"><span class='ocrx_word' id='word_1_74' title='bbox 473 1304 615 1355; x_wconf 91' lang='lat' dir='ltr'>mine</span> <span class='ocrx_word' id='word_1_75' title='bbox 672 1321 819 1366; x_wconf 89' lang='lat' dir='ltr'>meo,</span> <span class='ocrx_word' id='word_1_76' title='bbox 878 1303 954 1356; x_wconf 88' lang='lat' dir='ltr'>ibi</span> <span class='ocrx_word' id='word_1_77' title='bbox 1013 1307 1069 1358; x_wconf 89' lang='lat' dir='ltr'>et</span> <span class='ocrx_word' id='word_1_78' title='bbox 1124 1322 1224 1374; x_wconf 85' lang='lat' dir='ltr'>ego</span> <span class='ocrx_word' id='word_1_79' title='bbox 1266 1322 1385 1356; x_wconf 92' lang='lat' dir='ltr'>sum</span> <span class='ocrx_word' id='word_1_80' title='bbox 1442 1302 1500 1355; x_wconf 92' lang='lat' dir='ltr'>in</span> <span class='ocrx_word' id='word_1_81' title='bbox 1539 1303 1715 1356; x_wconf 91' lang='lat' dir='ltr'>medio</span> <span class='ocrx_word' id='word_1_82' title='bbox 1774 1321 1975 1356; x_wconf 91' lang='lat' dir='ltr'>eorum.</span> <span class='ocrx_word' id='word_1_83' title='bbox 2065 1301 2262 1356; x_wconf 89' lang='lat' dir='ltr'>Matth.</span> <span class='ocrx_word' id='word_1_84' title='bbox 2316 1302 2521 1356; x_wconf 88' lang='lat' dir='ltr'><strong>XVIII.</strong></span> 
     </span>
     <span class='ocr_line' id='line_1_13' title="bbox 473 1375 2526 1446; baseline 0.001 -17"><span class='ocrx_word' id='word_1_85' title='bbox 473 1377 626 1440; x_wconf 84' lang='lat' dir='ltr'>Quod</span> <span class='ocrx_word' id='word_1_86' title='bbox 668 1395 787 1430; x_wconf 90' lang='lat' dir='ltr'>cum</span> <span class='ocrx_word' id='word_1_87' title='bbox 825 1378 904 1431; x_wconf 89' lang='lat' dir='ltr'>ita</span> <span class='ocrx_word' id='word_1_88' title='bbox 943 1378 1032 1442; x_wconf 90' lang='lat' dir='ltr'>sit,</span> <span class='ocrx_word' id='word_1_89' title='bbox 1074 1378 1119 1431; x_wconf 90' lang='lat' dir='ltr'>si</span> <span class='ocrx_word' id='word_1_90' title='bbox 1159 1396 1258 1431; x_wconf 92' lang='lat' dir='ltr'>nec</span> <span class='ocrx_word' id='word_1_91' title='bbox 1296 1377 1423 1430; x_wconf 89' lang='lat' dir='ltr'>huic</span> <span class='ocrx_word' id='word_1_92' title='bbox 1461 1382 1574 1431; x_wconf 89' lang='lat' dir='ltr'>tam</span> <span class='ocrx_word' id='word_1_93' title='bbox 1615 1377 1760 1432; x_wconf 86' lang='lat' dir='ltr'>brevi</span> <span class='ocrx_word' id='word_1_94' title='bbox 1788 1396 2012 1430; x_wconf 90' lang='lat' dir='ltr'>numero</span> <span class='ocrx_word' id='word_1_95' title='bbox 2040 1375 2278 1446; x_wconf 79' lang='lat' dir='ltr'>Spiritus</span> <span class='ocrx_word' id='word_1_96' title='bbox 2305 1381 2526 1431; x_wconf 87' lang='lat' dir='ltr'>sanctus</span> 
     </span>
     <span class='ocr_line' id='line_1_14' title="bbox 474 1451 2527 1523; baseline 0 -20"><span class='ocrx_word' id='word_1_97' title='bbox 474 1452 640 1516; x_wconf 88' lang='lat' dir='ltr'>deest,</span> <span class='ocrx_word' id='word_1_98' title='bbox 702 1456 907 1521; x_wconf 79' lang='lat' dir='ltr'>quanto</span> <span class='ocrx_word' id='word_1_99' title='bbox 965 1453 1138 1523; x_wconf 85' lang='lat' dir='ltr'>magis</span> <span class='ocrx_word' id='word_1_100' title='bbox 1197 1471 1317 1505; x_wconf 92' lang='lat' dir='ltr'>eum</span> <span class='ocrx_word' id='word_1_101' title='bbox 1374 1471 1522 1505; x_wconf 87' lang='lat' dir='ltr'>nunc</span> <span class='ocrx_word' id='word_1_102' title='bbox 1578 1452 1840 1506; x_wconf 75' lang='lat' dir='ltr'>interesse</span> <span class='ocrx_word' id='word_1_103' title='bbox 1881 1451 2172 1516; x_wconf 81' lang='lat' dir='ltr'>credamuS,</span> <span class='ocrx_word' id='word_1_104' title='bbox 2215 1453 2430 1520; x_wconf 89' lang='lat' dir='ltr'>quando</span> <span class='ocrx_word' id='word_1_105' title='bbox 2469 1452 2527 1504; x_wconf 91' lang='lat' dir='ltr'>in</span> 
     </span>
     <span class='ocr_line' id='line_1_15' title="bbox 474 1525 2529 1594; baseline 0.001 -16"><span class='ocrx_word' id='word_1_106' title='bbox 474 1545 641 1579; x_wconf 91' lang='lat' dir='ltr'>unum</span> <span class='ocrx_word' id='word_1_107' title='bbox 681 1526 936 1580; x_wconf 85' lang='lat' dir='ltr'>convenit</span> <span class='ocrx_word' id='word_1_108' title='bbox 994 1531 1152 1580; x_wconf 88' lang='lat' dir='ltr'>tanta</span> <span class='ocrx_word' id='word_1_109' title='bbox 1209 1528 1371 1580; x_wconf 88' lang='lat' dir='ltr'>turba</span> <span class='ocrx_word' id='word_1_110' title='bbox 1410 1526 1772 1580; x_wconf 79' lang='lat' dir='ltr'>Sanctorum?</span> <span class='ocrx_word' id='word_1_111' title='bbox 1862 1525 2119 1579; x_wconf 78' lang='lat' dir='ltr'>Sanctum</span> <span class='ocrx_word' id='word_1_112' title='bbox 2167 1545 2395 1594; x_wconf 87' lang='lat' dir='ltr'>namque</span> <span class='ocrx_word' id='word_1_113' title='bbox 2446 1531 2529 1580; x_wconf 90' lang='lat' dir='ltr'>est</span> 
     </span>
     <span class='ocr_line' id='line_1_16' title="bbox 474 1599 2528 1672; baseline 0.001 -20"><span class='ocrx_word' id='word_1_114' title='bbox 474 1619 574 1670; x_wconf 88' lang='lat' dir='ltr'>pro</span> <span class='ocrx_word' id='word_1_115' title='bbox 615 1600 793 1654; x_wconf 91' lang='lat' dir='ltr'>debita</span> <span class='ocrx_word' id='word_1_116' title='bbox 832 1602 1180 1655; x_wconf 83' lang='lat' dir='ltr'>veneratione</span> <span class='ocrx_word' id='word_1_117' title='bbox 1235 1602 1539 1672; x_wconf 84' lang='lat' dir='ltr'>collegium,</span> <span class='ocrx_word' id='word_1_118' title='bbox 1595 1601 1653 1654; x_wconf 92' lang='lat' dir='ltr'>in</span> <span class='ocrx_word' id='word_1_119' title='bbox 1704 1620 1810 1670; x_wconf 90' lang='lat' dir='ltr'>quo</span> <span class='ocrx_word' id='word_1_120' title='bbox 1864 1602 2053 1670; x_wconf 89' lang='lat' dir='ltr'>utique</span> <span class='ocrx_word' id='word_1_121' title='bbox 2103 1619 2250 1654; x_wconf 92' lang='lat' dir='ltr'>nunc</span> <span class='ocrx_word' id='word_1_122' title='bbox 2287 1599 2528 1670; x_wconf 91' lang='lat' dir='ltr'>Aposto-</span> 
     </span>
     <span class='ocr_line' id='line_1_17' title="bbox 470 1674 2527 1746; baseline 0 -19"><span class='ocrx_word' id='word_1_123' title='bbox 470 1676 648 1728; x_wconf 90' lang='lat' dir='ltr'>lorum</span> <span class='ocrx_word' id='word_1_124' title='bbox 687 1675 1141 1744; x_wconf 81' lang='lat' dir='ltr'>frequentissimae</span> <span class='ocrx_word' id='word_1_125' title='bbox 1196 1676 1343 1729; x_wconf 88' lang='lat' dir='ltr'>illius</span> <span class='ocrx_word' id='word_1_126' title='bbox 1398 1695 1558 1746; x_wconf 90' lang='lat' dir='ltr'>quam</span> <span class='ocrx_word' id='word_1_127' title='bbox 1608 1676 1838 1746; x_wconf 79' lang='lat' dir='ltr'>legimus</span> <span class='ocrx_word' id='word_1_128' title='bbox 1887 1674 2342 1746; x_wconf 83' lang='lat' dir='ltr'>Congregationis</span> <span class='ocrx_word' id='word_1_129' title='bbox 2382 1676 2527 1746; x_wconf 89' lang='lat' dir='ltr'>aspi-</span> 
     </span>
     <span class='ocr_line' id='line_1_18' title="bbox 479 1750 1146 1804; baseline 0.001 -2"><span class='ocrx_word' id='word_1_130' title='bbox 479 1750 666 1803; x_wconf 87' lang='lat' dir='ltr'>cienda</span> <span class='ocrx_word' id='word_1_131' title='bbox 704 1750 1011 1804; x_wconf 85' lang='lat' dir='ltr'>reverentia</span> <span class='ocrx_word' id='word_1_132' title='bbox 1049 1755 1146 1804; x_wconf 90' lang='lat' dir='ltr'>est.</span> 
     </span>
    </p>

    <p class='ocr_par' dir='ltr' id='par_1_5' title="bbox 472 1822 2530 2937">
     <span class='ocr_line' id='line_1_19' title="bbox 621 1822 2530 1895; baseline 0 -19"><span class='ocrx_word' id='word_1_133' title='bbox 621 1822 915 1893; x_wconf 83' lang='lat' dir='ltr'>Nunquam</span> <span class='ocrx_word' id='word_1_134' title='bbox 954 1825 1040 1878; x_wconf 90' lang='lat' dir='ltr'>his</span> <span class='ocrx_word' id='word_1_135' title='bbox 1079 1825 1270 1890; x_wconf 85' lang='lat' dir='ltr'>defuit,</span> <span class='ocrx_word' id='word_1_136' title='bbox 1312 1844 1469 1895; x_wconf 89' lang='lat' dir='ltr'>quem</span> <span class='ocrx_word' id='word_1_137' title='bbox 1509 1828 1827 1894; x_wconf 69' lang='lat' dir='ltr'>receperant</span> <span class='ocrx_word' id='word_1_138' title='bbox 1867 1824 2297 1893; x_wconf 68' lang='lat' dir='ltr'>praedicandum:</span> <span class='ocrx_word' id='word_1_139' title='bbox 2351 1823 2530 1877; x_wconf 89' lang='lat' dir='ltr'>adfuit</span> 
     </span>
     <span class='ocr_line' id='line_1_20' title="bbox 472 1898 2527 1971; baseline -0 -19"><span class='ocrx_word' id='word_1_140' title='bbox 472 1899 556 1952; x_wconf 91' lang='lat' dir='ltr'>his</span> <span class='ocrx_word' id='word_1_141' title='bbox 613 1917 823 1968; x_wconf 85' lang='lat' dir='ltr'>semper</span> <span class='ocrx_word' id='word_1_142' title='bbox 863 1899 1128 1952; x_wconf 89' lang='lat' dir='ltr'>Dominus</span> <span class='ocrx_word' id='word_1_143' title='bbox 1186 1904 1241 1953; x_wconf 92' lang='lat' dir='ltr'>et</span> <span class='ocrx_word' id='word_1_144' title='bbox 1279 1900 1557 1971; x_wconf 83' lang='lat' dir='ltr'>magister,</span> <span class='ocrx_word' id='word_1_145' title='bbox 1619 1917 1718 1952; x_wconf 92' lang='lat' dir='ltr'>nec</span> <span class='ocrx_word' id='word_1_146' title='bbox 1769 1899 2022 1952; x_wconf 84' lang='lat' dir='ltr'>docentes</span> <span class='ocrx_word' id='word_1_147' title='bbox 2074 1917 2105 1951; x_wconf 89' lang='lat' dir='ltr'>a</span> <span class='ocrx_word' id='word_1_148' title='bbox 2144 1917 2241 1952; x_wconf 91' lang='grc'>8110</span> <span class='ocrx_word' id='word_1_149' title='bbox 2287 1898 2527 1952; x_wconf 90' lang='lat' dir='ltr'>Doctore</span> 
     </span>
     <span class='ocr_line' id='line_1_21' title="bbox 472 1972 2524 2044; baseline 0 -18"><span class='ocrx_word' id='word_1_150' title='bbox 472 1973 674 2027; x_wconf 87' lang='lat' dir='ltr'>deserti</span> <span class='ocrx_word' id='word_1_151' title='bbox 713 1977 858 2026; x_wconf 88' lang='lat' dir='ltr'>sunt.</span> <span class='ocrx_word' id='word_1_152' title='bbox 937 1974 1178 2028; x_wconf 84' lang='lat' dir='ltr'>Docebat</span> <span class='ocrx_word' id='word_1_153' title='bbox 1217 1974 1333 2037; x_wconf 94' lang='lat' dir='ltr'>Ille,</span> <span class='ocrx_word' id='word_1_154' title='bbox 1375 1975 1469 2044; x_wconf 90' lang='lat' dir='ltr'>qui</span> <span class='ocrx_word' id='word_1_155' title='bbox 1507 1975 1746 2038; x_wconf 84' lang='lat' dir='ltr'>miserat,</span> <span class='ocrx_word' id='word_1_156' title='bbox 1787 1973 2028 2038; x_wconf 88' lang='lat' dir='ltr'>docebat,</span> <span class='ocrx_word' id='word_1_157' title='bbox 2070 1972 2163 2042; x_wconf 92' lang='lat' dir='ltr'>qui</span> <span class='ocrx_word' id='word_1_158' title='bbox 2203 1977 2258 2027; x_wconf 93' lang='lat' dir='ltr'>et</span> <span class='ocrx_word' id='word_1_159' title='bbox 2298 1973 2524 2037; x_wconf 79' lang='lat' dir='ltr'>dixerat,</span> 
     </span>
     <span class='ocr_line' id='line_1_22' title="bbox 473 2047 2525 2118; baseline 0 -18"><span class='ocrx_word' id='word_1_160' title='bbox 473 2049 603 2118; x_wconf 89' lang='lat' dir='ltr'>quid</span> <span class='ocrx_word' id='word_1_161' title='bbox 643 2048 916 2101; x_wconf 88' lang='lat' dir='ltr'>docerent.</span> <span class='ocrx_word' id='word_1_162' title='bbox 995 2048 1237 2102; x_wconf 91' lang='lat' dir='ltr'>Docebat</span> <span class='ocrx_word' id='word_1_163' title='bbox 1275 2049 1390 2113; x_wconf 92' lang='lat' dir='ltr'>Ille,</span> <span class='ocrx_word' id='word_1_164' title='bbox 1433 2049 1526 2118; x_wconf 91' lang='lat' dir='ltr'>qui</span> <span class='ocrx_word' id='word_1_165' title='bbox 1564 2049 1623 2101; x_wconf 87' lang='lat' dir='ltr'>in</span> <span class='ocrx_word' id='word_1_166' title='bbox 1663 2047 1944 2117; x_wconf 87' lang='lat' dir='ltr'>Apostolis</span> <span class='ocrx_word' id='word_1_167' title='bbox 1984 2047 2096 2100; x_wconf 90' lang='lat' dir='ltr'>suis</span> <span class='ocrx_word' id='word_1_168' title='bbox 2144 2066 2199 2100; x_wconf 92' lang='lat' dir='ltr'>se</span> <span class='ocrx_word' id='word_1_169' title='bbox 2239 2048 2525 2101; x_wconf 86' lang='lat' dir='ltr'>confirmat</span> 
     </span>
     <span class='ocr_line' id='line_1_23' title="bbox 473 2121 2525 2191; baseline 0 -16"><span class='ocrx_word' id='word_1_170' title='bbox 473 2123 651 2175; x_wconf 89' lang='lat' dir='ltr'>audiri</span> <span class='ocrx_word' id='word_1_171' title='bbox 693 2121 845 2189; x_wconf 89' lang='lat' dir='ltr'>(Luc.</span> <span class='ocrx_word' id='word_1_172' title='bbox 887 2122 995 2191; x_wconf 90' lang='grc' dir='ltr'>Χ.).</span> <span class='ocrx_word' id='word_1_173' title='bbox 1073 2122 1204 2176; x_wconf 79' lang='lat' dir='ltr'>Haec</span> <span class='ocrx_word' id='word_1_174' title='bbox 1241 2124 1308 2176; x_wconf 92' lang='lat' dir='ltr'>ad</span> <span class='ocrx_word' id='word_1_175' title='bbox 1347 2142 1533 2176; x_wconf 88' lang='lat' dir='ltr'>omnes</span> <span class='ocrx_word' id='word_1_176' title='bbox 1572 2124 1628 2176; x_wconf 79' lang='lat' dir='ltr'>in</span> <span class='ocrx_word' id='word_1_177' title='bbox 1668 2140 1933 2176; x_wconf 75' lang='lat' dir='ltr'>commune</span> <span class='ocrx_word' id='word_1_178' title='bbox 1959 2121 2180 2174; x_wconf 87' lang='lat' dir='ltr'>Domini</span> <span class='ocrx_word' id='word_1_179' title='bbox 2219 2122 2525 2176; x_wconf 85' lang='lat' dir='ltr'>sacerdotes</span> 
     </span>
     <span class='ocr_line' id='line_1_24' title="bbox 473 2196 2524 2268; baseline 0 -19"><span class='ocrx_word' id='word_1_180' title='bbox 473 2197 739 2250; x_wconf 72' lang='lat' dir='ltr'>mandatae</span> <span class='ocrx_word' id='word_1_181' title='bbox 759 2197 1163 2266; x_wconf 78' lang='lat' dir='ltr'>praedicationis</span> <span class='ocrx_word' id='word_1_182' title='bbox 1192 2216 1320 2251; x_wconf 88' lang='lat' dir='ltr'>cura</span> <span class='ocrx_word' id='word_1_183' title='bbox 1345 2198 1626 2268; x_wconf 87' lang='lat' dir='ltr'>pervenit:</span> <span class='ocrx_word' id='word_1_184' title='bbox 1668 2197 2012 2250; x_wconf 82' lang='lat' dir='ltr'>haereditario</span> <span class='ocrx_word' id='word_1_185' title='bbox 2038 2215 2268 2266; x_wconf 88' lang='lat' dir='ltr'>namque</span> <span class='ocrx_word' id='word_1_186' title='bbox 2300 2197 2359 2249; x_wconf 86' lang='lat' dir='ltr'>in</span> <span class='ocrx_word' id='word_1_187' title='bbox 2384 2196 2524 2250; x_wconf 87' lang='lat' dir='ltr'>hanc</span> 
     </span>
     <span class='ocr_line' id='line_1_25' title="bbox 474 2271 2522 2343; baseline -0 -19"><span class='ocrx_word' id='word_1_188' title='bbox 474 2271 896 2325; x_wconf 88' lang='lat' dir='ltr'>sollicitudinem</span> <span class='ocrx_word' id='word_1_189' title='bbox 917 2275 1039 2342; x_wconf 91' lang='lat' dir='ltr'>jure</span> <span class='ocrx_word' id='word_1_190' title='bbox 1067 2272 1515 2343; x_wconf 84' lang='lat' dir='ltr'>constringimur,</span> <span class='ocrx_word' id='word_1_191' title='bbox 1557 2272 1866 2341; x_wconf 88' lang='lat' dir='ltr'>quicunque</span> <span class='ocrx_word' id='word_1_192' title='bbox 1892 2290 1989 2341; x_wconf 92' lang='lat' dir='ltr'>per</span> <span class='ocrx_word' id='word_1_193' title='bbox 2017 2271 2227 2324; x_wconf 88' lang='lat' dir='ltr'>diversa</span> <span class='ocrx_word' id='word_1_194' title='bbox 2253 2274 2522 2324; x_wconf 87' lang='lat' dir='ltr'>terrarum</span> 
     </span>
     <span class='ocr_line' id='line_1_26' title="bbox 474 2345 2518 2416; baseline 0 -18"><span class='ocrx_word' id='word_1_195' title='bbox 474 2365 660 2399; x_wconf 89' lang='lat' dir='ltr'>eorum</span> <span class='ocrx_word' id='word_1_196' title='bbox 710 2346 824 2399; x_wconf 86' lang='lat' dir='ltr'>vice</span> <span class='ocrx_word' id='word_1_197' title='bbox 870 2365 1068 2399; x_wconf 88' lang='lat' dir='ltr'>nomen</span> <span class='ocrx_word' id='word_1_198' title='bbox 1119 2346 1343 2400; x_wconf 88' lang='lat' dir='ltr'>Domini</span> <span class='ocrx_word' id='word_1_199' title='bbox 1394 2347 1762 2416; x_wconf 57' lang='lat' dir='ltr'>praedicamus,</span> <span class='ocrx_word' id='word_1_200' title='bbox 1823 2346 1948 2398; x_wconf 89' lang='lat' dir='ltr'>dum</span> <span class='ocrx_word' id='word_1_201' title='bbox 1989 2345 2096 2398; x_wconf 88' lang='lat' dir='ltr'>illis</span> <span class='ocrx_word' id='word_1_202' title='bbox 2143 2345 2372 2399; x_wconf 86' lang='lat' dir='ltr'>dicitur:</span> <span class='ocrx_word' id='word_1_203' title='bbox 2424 2345 2518 2410; x_wconf 80' lang='lat' dir='ltr'>Ite,</span> 
     </span>
     <span class='ocr_line' id='line_1_27' title="bbox 474 2420 2523 2489; baseline -0.001 -16"><span class='ocrx_word' id='word_1_204' title='bbox 474 2421 648 2474; x_wconf 73' lang='lat' dir='ltr'>docete</span> <span class='ocrx_word' id='word_1_205' title='bbox 688 2438 860 2474; x_wconf 72' lang='lat' dir='ltr'>omncs</span> <span class='ocrx_word' id='word_1_206' title='bbox 898 2427 1091 2489; x_wconf 72' lang='lat' dir='ltr'>yentcs.</span> <span class='ocrx_word' id='word_1_207' title='bbox 1170 2421 1472 2475; x_wconf 89' lang='lat' dir='ltr'>Advertere</span> <span class='ocrx_word' id='word_1_208' title='bbox 1531 2422 1689 2475; x_wconf 90' lang='lat' dir='ltr'>debet</span> <span class='ocrx_word' id='word_1_209' title='bbox 1747 2424 1927 2474; x_wconf 86' lang='lat' dir='ltr'>vestra</span> <span class='ocrx_word' id='word_1_210' title='bbox 1983 2420 2339 2484; x_wconf 83' lang='lat' dir='ltr'>Fraternitas,</span> <span class='ocrx_word' id='word_1_211' title='bbox 2397 2420 2523 2489; x_wconf 90' lang='lat' dir='ltr'>quia</span> 
     </span>
     <span class='ocr_line' id='line_1_28' title="bbox 475 2494 2521 2567; baseline -0.001 -19"><span class='ocrx_word' id='word_1_212' title='bbox 475 2496 776 2565; x_wconf 89' lang='lat' dir='ltr'>accepimus</span> <span class='ocrx_word' id='word_1_213' title='bbox 816 2496 1068 2567; x_wconf 86' lang='lat' dir='ltr'>generale</span> <span class='ocrx_word' id='word_1_214' title='bbox 1108 2495 1453 2549; x_wconf 85' lang='lat' dir='ltr'>mandatum:</span> <span class='ocrx_word' id='word_1_215' title='bbox 1496 2514 1680 2549; x_wconf 91' lang='lat' dir='ltr'>omnes</span> <span class='ocrx_word' id='word_1_216' title='bbox 1720 2495 1882 2548; x_wconf 88' lang='lat' dir='ltr'>etiam</span> <span class='ocrx_word' id='word_1_217' title='bbox 1923 2514 2022 2548; x_wconf 91' lang='lat' dir='ltr'>nos</span> <span class='ocrx_word' id='word_1_218' title='bbox 2063 2495 2117 2547; x_wconf 91' lang='lat' dir='ltr'>id</span> <span class='ocrx_word' id='word_1_219' title='bbox 2143 2513 2302 2565; x_wconf 85' lang='lat' dir='ltr'>agere</span> <span class='ocrx_word' id='word_1_220' title='bbox 2330 2494 2521 2559; x_wconf 88' lang='lat' dir='ltr'>voluit,</span> 
     </span>
     <span class='ocr_line' id='line_1_29' title="bbox 476 2569 2520 2638; baseline 0 -17"><span class='ocrx_word' id='word_1_221' title='bbox 476 2569 568 2638; x_wconf 90' lang='lat' dir='ltr'>qui</span> <span class='ocrx_word' id='word_1_222' title='bbox 607 2570 715 2623; x_wconf 90' lang='lat' dir='ltr'>illis</span> <span class='ocrx_word' id='word_1_223' title='bbox 755 2571 832 2623; x_wconf 91' lang='grc'>810</span> <span class='ocrx_word' id='word_1_224' title='bbox 886 2569 1134 2624; x_wconf 91' lang='lat' dir='ltr'>omnibus</span> <span class='ocrx_word' id='word_1_225' title='bbox 1175 2588 1455 2623; x_wconf 90' lang='lat' dir='ltr'>commune</span> <span class='ocrx_word' id='word_1_226' title='bbox 1503 2570 1780 2622; x_wconf 87' lang='lat' dir='ltr'>mandavit</span> <span class='ocrx_word' id='word_1_227' title='bbox 1839 2569 2109 2622; x_wconf 86' lang='lat' dir='ltr'>officium:</span> <span class='ocrx_word' id='word_1_228' title='bbox 2167 2587 2381 2622; x_wconf 90' lang='lat' dir='ltr'>necesse</span> <span class='ocrx_word' id='word_1_229' title='bbox 2421 2572 2520 2632; x_wconf 91' lang='lat' dir='ltr'>est,</span> 
     </span>
     <span class='ocr_line' id='line_1_30' title="bbox 475 2644 2522 2714; baseline -0 -18"><span class='ocrx_word' id='word_1_230' title='bbox 475 2648 538 2697; x_wconf 90' lang='lat' dir='ltr'>ut</span> <span class='ocrx_word' id='word_1_231' title='bbox 589 2647 958 2714; x_wconf 85' lang='lat' dir='ltr'>competenter</span> <span class='ocrx_word' id='word_1_232' title='bbox 1015 2648 1235 2698; x_wconf 90' lang='lat' dir='ltr'>nostros</span> <span class='ocrx_word' id='word_1_233' title='bbox 1293 2662 1580 2714; x_wconf 90' lang='lat' dir='ltr'>sequamur</span> <span class='ocrx_word' id='word_1_234' title='bbox 1636 2647 1913 2705; x_wconf 83' lang='lat' dir='ltr'>auctores3</span> <span class='ocrx_word' id='word_1_235' title='bbox 1985 2644 2268 2696; x_wconf 90' lang='lat' dir='ltr'>subeamus</span> <span class='ocrx_word' id='word_1_236' title='bbox 2337 2661 2522 2696; x_wconf 89' lang='lat' dir='ltr'>omnes</span> 
     </span>
     <span class='ocr_line' id='line_1_31' title="bbox 474 2716 2521 2788; baseline -0 -18"><span class='ocrx_word' id='word_1_237' title='bbox 474 2736 662 2772; x_wconf 92' lang='lat' dir='ltr'>eorum</span> <span class='ocrx_word' id='word_1_238' title='bbox 697 2718 926 2784; x_wconf 79' lang='lat' dir='ltr'>laboreS,</span> <span class='ocrx_word' id='word_1_239' title='bbox 967 2719 1160 2788; x_wconf 91' lang='lat' dir='ltr'>quibus</span> <span class='ocrx_word' id='word_1_240' title='bbox 1201 2719 1448 2771; x_wconf 90' lang='lat' dir='ltr'>omnibus</span> <span class='ocrx_word' id='word_1_241' title='bbox 1488 2717 1838 2771; x_wconf 91' lang='lat' dir='ltr'>successimus</span> <span class='ocrx_word' id='word_1_242' title='bbox 1877 2717 1936 2769; x_wconf 92' lang='lat' dir='ltr'>in</span> <span class='ocrx_word' id='word_1_243' title='bbox 1962 2717 2169 2770; x_wconf 91' lang='lat' dir='ltr'>honore</span> <span class='ocrx_word' id='word_1_244' title='bbox 2197 2758 2209 2769; x_wconf 89' lang='lat'>.</span> <span class='ocrx_word' id='word_1_245' title='bbox 2239 2758 2251 2770; x_wconf 89' lang='lat'><strong>.</strong></span> <span class='ocrx_word' id='word_1_246' title='bbox 2281 2758 2292 2769; x_wconf 90' lang='lat'><strong>.</strong></span> <span class='ocrx_word' id='word_1_247' title='bbox 2335 2716 2521 2787; x_wconf 86' lang='lat' dir='ltr'>Agen-</span> 
     </span>
     <span class='ocr_line' id='line_1_32' title="bbox 475 2790 2520 2864; baseline -0 -20"><span class='ocrx_word' id='word_1_248' title='bbox 475 2792 601 2845; x_wconf 93' lang='lat' dir='ltr'>dum</span> <span class='ocrx_word' id='word_1_249' title='bbox 639 2794 811 2864; x_wconf 85' lang='lat' dir='ltr'>igitur</span> <span class='ocrx_word' id='word_1_250' title='bbox 850 2811 996 2847; x_wconf 91' lang='lat' dir='ltr'>nunc</span> <span class='ocrx_word' id='word_1_251' title='bbox 1035 2797 1117 2846; x_wconf 91' lang='lat' dir='ltr'>est</span> <span class='ocrx_word' id='word_1_252' title='bbox 1154 2793 1339 2847; x_wconf 88' lang='lat' dir='ltr'>labore</span> <span class='ocrx_word' id='word_1_253' title='bbox 1379 2792 1668 2856; x_wconf 87' lang='lat' dir='ltr'>communi,</span> <span class='ocrx_word' id='word_1_254' title='bbox 1723 2796 1786 2845; x_wconf 89' lang='lat' dir='ltr'>ut</span> <span class='ocrx_word' id='word_1_255' title='bbox 1825 2790 2028 2844; x_wconf 91' lang='lat' dir='ltr'>credita</span> <span class='ocrx_word' id='word_1_256' title='bbox 2069 2794 2124 2844; x_wconf 90' lang='lat' dir='ltr'>et</span> <span class='ocrx_word' id='word_1_257' title='bbox 2162 2809 2258 2860; x_wconf 89' lang='lat' dir='ltr'>per</span> <span class='ocrx_word' id='word_1_258' title='bbox 2297 2794 2520 2860; x_wconf 88' lang='lat' dir='ltr'>aposto-</span> 
     </span>
     <span class='ocr_line' id='line_1_33' title="bbox 474 2867 1962 2937; baseline 0 -18"><span class='ocrx_word' id='word_1_259' title='bbox 474 2867 632 2919; x_wconf 90' lang='lat' dir='ltr'>licam</span> <span class='ocrx_word' id='word_1_260' title='bbox 671 2868 1061 2922; x_wconf 90' lang='lat' dir='ltr'>successionem</span> <span class='ocrx_word' id='word_1_261' title='bbox 1099 2868 1376 2937; x_wconf 88' lang='lat' dir='ltr'>hucusque</span> <span class='ocrx_word' id='word_1_262' title='bbox 1415 2868 1637 2921; x_wconf 88' lang='lat' dir='ltr'>detenta</span> <span class='ocrx_word' id='word_1_263' title='bbox 1674 2884 1962 2919; x_wconf 72' lang='lat' dir='ltr'>servemus</span> 
     </span>
    </p>

    <p class='ocr_par' dir='ltr' id='par_1_6' title="bbox 477 2937 2598 3680">
     <span class='ocr_line' id='line_1_34' title="bbox 623 2937 2598 3012; baseline -0.002 -17"><span class='ocrx_word' id='word_1_264' title='bbox 623 2942 991 3012; x_wconf 86' lang='lat' dir='ltr'>Respiciamus</span> <span class='ocrx_word' id='word_1_265' title='bbox 1030 2961 1218 2996; x_wconf 90' lang='lat' dir='ltr'>rursus</span> <span class='ocrx_word' id='word_1_266' title='bbox 1258 2942 1420 2996; x_wconf 88' lang='lat' dir='ltr'>etiam</span> <span class='ocrx_word' id='word_1_267' title='bbox 1459 2942 1553 2994; x_wconf 91' lang='lat' dir='ltr'>illa</span> <span class='ocrx_word' id='word_1_268' title='bbox 1591 2941 1753 2994; x_wconf 87' lang='lat' dir='ltr'>verba</span> <span class='ocrx_word' id='word_1_269' title='bbox 1791 2939 1966 2993; x_wconf 84' lang='lat' dir='ltr'>nostri</span> <span class='ocrx_word' id='word_1_270' title='bbox 2007 2939 2275 2992; x_wconf 91' lang='lat' dir='ltr'>doctoris:</span> <span class='ocrx_word' id='word_1_271' title='bbox 2336 2937 2520 2992; x_wconf 76' lang='lat' dir='ltr'>Attcn-</span> <span class='ocrx_word' id='word_1_272' title='bbox 2591 2940 2598 2947; x_wconf 88' lang='grc'><em>“</em></span> 
     </span>
     <span class='ocr_line' id='line_1_35' title="bbox 477 3013 2522 3085; baseline 0 -18"><span class='ocrx_word' id='word_1_273' title='bbox 477 3015 585 3068; x_wconf 70' lang='lat' dir='ltr'>dite</span> <span class='ocrx_word' id='word_1_274' title='bbox 623 3017 767 3070; x_wconf 75' lang='lat' dir='ltr'>vobis</span> <span class='ocrx_word' id='word_1_275' title='bbox 805 3022 854 3071; x_wconf 79' lang='lat' dir='ltr'>et</span> <span class='ocrx_word' id='word_1_276' title='bbox 905 3019 1147 3071; x_wconf 74' lang='lat' dir='ltr'>universo</span> <span class='ocrx_word' id='word_1_277' title='bbox 1198 3018 1365 3085; x_wconf 76' lang='lat' dir='ltr'>yrcyi,</span> <span class='ocrx_word' id='word_1_278' title='bbox 1420 3017 1475 3069; x_wconf 74' lang='lat' dir='ltr'>ire</span> <span class='ocrx_word' id='word_1_279' title='bbox 1527 3033 1627 3084; x_wconf 75' lang='lat' dir='ltr'>quo</span> <span class='ocrx_word' id='word_1_280' title='bbox 1663 3032 1752 3069; x_wconf 78' lang='lat' dir='ltr'>vos</span> <span class='ocrx_word' id='word_1_281' title='bbox 1790 3013 2032 3080; x_wconf 77' lang='lat' dir='ltr'>Spiritus</span> <span class='ocrx_word' id='word_1_282' title='bbox 2081 3019 2297 3067; x_wconf 79' lang='lat' dir='ltr'>sanctus</span> <span class='ocrx_word' id='word_1_283' title='bbox 2333 3014 2522 3080; x_wconf 76' lang='lat' dir='ltr'>posuit</span> 
     </span>
     <span class='ocr_line' id='line_1_36' title="bbox 479 3087 2517 3160; baseline 0 -21"><span class='ocrx_word' id='word_1_284' title='bbox 479 3087 771 3156; x_wconf 74' lang='lat' dir='ltr'>Episcopos</span> <span class='ocrx_word' id='word_1_285' title='bbox 820 3110 999 3160; x_wconf 71' lang='lat' dir='ltr'>reyerc</span> <span class='ocrx_word' id='word_1_286' title='bbox 1049 3091 1346 3146; x_wconf 82' lang='lat' dir='ltr'>Ecclesiam</span> <span class='ocrx_word' id='word_1_287' title='bbox 1385 3089 1508 3156; x_wconf 74' lang='lat' dir='ltr'>Dei,</span> <span class='ocrx_word' id='word_1_288' title='bbox 1561 3107 1719 3158; x_wconf 79' lang='lat' dir='ltr'>quam</span> <span class='ocrx_word' id='word_1_289' title='bbox 1768 3089 2051 3155; x_wconf 75' lang='lat' dir='ltr'>acquisivit</span> <span class='ocrx_word' id='word_1_290' title='bbox 2100 3089 2357 3157; x_wconf 71' lang='lat' dir='ltr'>sanquine</span> <span class='ocrx_word' id='word_1_291' title='bbox 2407 3105 2517 3141; x_wconf 82' lang='lat' dir='ltr'>suo.</span> 
     </span>
     <span class='ocr_line' id='line_1_37' title="bbox 479 3160 2520 3232; baseline 0.001 -19"><span class='ocrx_word' id='word_1_292' title='bbox 479 3160 563 3214; x_wconf 79' lang='lat' dir='ltr'>Sit</span> <span class='ocrx_word' id='word_1_293' title='bbox 603 3165 776 3217; x_wconf 87' lang='lat' dir='ltr'>oratio</span> <span class='ocrx_word' id='word_1_294' title='bbox 817 3166 1115 3219; x_wconf 88' lang='lat' dir='ltr'>communis</span> <span class='ocrx_word' id='word_1_295' title='bbox 1154 3166 1222 3219; x_wconf 91' lang='lat' dir='ltr'>ad</span> <span class='ocrx_word' id='word_1_296' title='bbox 1261 3165 1582 3226; x_wconf 79' lang='lat' dir='ltr'>Dominum3</span> <span class='ocrx_word' id='word_1_297' title='bbox 1633 3163 1828 3218; x_wconf 90' lang='lat' dir='ltr'>scimus</span> <span class='ocrx_word' id='word_1_298' title='bbox 1861 3180 1978 3232; x_wconf 78' lang='lat' dir='ltr'>quae</span> <span class='ocrx_word' id='word_1_299' title='bbox 2018 3162 2098 3214; x_wconf 88' lang='lat' dir='ltr'>vis</span> <span class='ocrx_word' id='word_1_300' title='bbox 2138 3162 2334 3216; x_wconf 81' lang='lat' dir='ltr'>divinae</span> <span class='ocrx_word' id='word_1_301' title='bbox 2372 3162 2520 3216; x_wconf 90' lang='lat' dir='ltr'>illius</span> 
     </span>
     <span class='ocr_line' id='line_1_38' title="bbox 479 3237 2520 3308; baseline 0.001 -22"><span class='ocrx_word' id='word_1_302' title='bbox 479 3238 779 3303; x_wconf 80' lang='lat' dir='ltr'>praesentiae</span> <span class='ocrx_word' id='word_1_303' title='bbox 819 3240 891 3292; x_wconf 90' lang='lat' dir='ltr'>sit</span> <span class='ocrx_word' id='word_1_304' title='bbox 929 3240 1131 3305; x_wconf 88' lang='lat' dir='ltr'>futura,</span> <span class='ocrx_word' id='word_1_305' title='bbox 1173 3238 1320 3308; x_wconf 90' lang='lat' dir='ltr'>(Act.</span> <span class='ocrx_word' id='word_1_306' title='bbox 1348 3238 1444 3292; x_wconf 92' lang='lat' dir='ltr'>IV.</span> <span class='ocrx_word' id='word_1_307' title='bbox 1471 3238 1579 3308; x_wconf 85' lang='lat'><strong>31.)</strong></span> <span class='ocrx_word' id='word_1_308' title='bbox 1619 3237 1958 3307; x_wconf 88' lang='lat' dir='ltr'>supplicante</span> <span class='ocrx_word' id='word_1_309' title='bbox 1985 3237 2326 3290; x_wconf 87' lang='lat' dir='ltr'>concorditer</span> <span class='ocrx_word' id='word_1_310' title='bbox 2365 3239 2520 3291; x_wconf 80' lang='lat' dir='ltr'>tauta</span> 
     </span>
     <span class='ocr_line' id='line_1_39' title="bbox 479 3309 2518 3384; baseline 0.001 -25"><span class='ocrx_word' id='word_1_311' title='bbox 479 3309 828 3364; x_wconf 87' lang='lat' dir='ltr'>multitudine</span> <span class='ocrx_word' id='word_1_312' title='bbox 867 3313 1222 3380; x_wconf 88' lang='lat' dir='ltr'>sacerdotum,</span> <span class='ocrx_word' id='word_1_313' title='bbox 1263 3313 1478 3384; x_wconf 89' lang='lat' dir='ltr'>quando</span> <span class='ocrx_word' id='word_1_314' title='bbox 1516 3314 1666 3367; x_wconf 91' lang='lat' dir='ltr'>locus</span> <span class='ocrx_word' id='word_1_315' title='bbox 1705 3311 1795 3364; x_wconf 91' lang='lat' dir='ltr'>ille</span> <span class='ocrx_word' id='word_1_316' title='bbox 1834 3310 2039 3364; x_wconf 87' lang='lat' dir='ltr'>moveri</span> <span class='ocrx_word' id='word_1_317' title='bbox 2077 3311 2279 3379; x_wconf 87' lang='lat' dir='ltr'>potuit,</span> <span class='ocrx_word' id='word_1_318' title='bbox 2319 3312 2376 3364; x_wconf 89' lang='lat' dir='ltr'>in</span> <span class='ocrx_word' id='word_1_319' title='bbox 2411 3329 2518 3380; x_wconf 90' lang='lat' dir='ltr'>quo</span> 
     </span>
     <span class='ocr_line' id='line_1_40' title="bbox 480 3383 2518 3470; baseline 0.002 -37"><span class='ocrx_word' id='word_1_320' title='bbox 480 3383 811 3436; x_wconf 88' lang='lat' dir='ltr'>unanimiter</span> <span class='ocrx_word' id='word_1_321' title='bbox 878 3385 1155 3440; x_wconf 89' lang='lat' dir='ltr'>duodecim</span> <span class='ocrx_word' id='word_1_322' title='bbox 1224 3387 1454 3470; x_wconf 79' lang='lat' dir='ltr'>legimus</span> <span class='ocrx_word' id='word_1_323' title='bbox 1525 3385 1867 3456; x_wconf 87' lang='lat' dir='ltr'>supplicasse.</span> <span class='ocrx_word' id='word_1_324' title='bbox 1973 3384 2101 3447; x_wconf 84' lang='lat' dir='ltr'>Quae</span> <span class='ocrx_word' id='word_1_325' title='bbox 2163 3389 2344 3439; x_wconf 89' lang='lat' dir='ltr'>tamen</span> <span class='ocrx_word' id='word_1_326' title='bbox 2410 3384 2518 3438; x_wconf 88' lang='lat' dir='ltr'>fuit</span> 
     </span>
     <span class='ocr_line' id='line_1_41' title="bbox 480 3455 2519 3532; baseline 0.001 -24"><span class='ocrx_word' id='word_1_327' title='bbox 480 3455 868 3526; x_wconf 86' lang='lat' dir='ltr'>Apostolorum</span> <span class='ocrx_word' id='word_1_328' title='bbox 906 3461 1101 3527; x_wconf 89' lang='lat' dir='ltr'>petitio</span> <span class='ocrx_word' id='word_1_329' title='bbox 1140 3461 1575 3532; x_wconf 80' lang='lat' dir='ltr'>deprecantium?</span> <span class='ocrx_word' id='word_1_330' title='bbox 1634 3458 1836 3529; x_wconf 90' lang='lat' dir='ltr'>Nempe</span> <span class='ocrx_word' id='word_1_331' title='bbox 1875 3463 1938 3513; x_wconf 91' lang='lat' dir='ltr'>ut</span> <span class='ocrx_word' id='word_1_332' title='bbox 1963 3459 2271 3528; x_wconf 88' lang='lat' dir='ltr'>acciperent</span> <span class='ocrx_word' id='word_1_333' title='bbox 2295 3460 2519 3513; x_wconf 89' lang='lat' dir='ltr'>verbum</span> 
     </span>
     <span class='ocr_line' id='line_1_42' title="bbox 479 3529 2516 3606; baseline 0.001 -24"><span class='ocrx_word' id='word_1_334' title='bbox 479 3529 582 3583; x_wconf 88' lang='lat' dir='ltr'>Dei</span> <span class='ocrx_word' id='word_1_335' title='bbox 618 3530 769 3599; x_wconf 90' lang='lat' dir='ltr'>loqui</span> <span class='ocrx_word' id='word_1_336' title='bbox 809 3549 927 3583; x_wconf 91' lang='lat' dir='ltr'>cum</span> <span class='ocrx_word' id='word_1_337' title='bbox 966 3533 1176 3599; x_wconf 87' lang='lat' dir='ltr'>fiducia,</span> <span class='ocrx_word' id='word_1_338' title='bbox 1216 3540 1270 3590; x_wconf 84' lang='lat' dir='ltr'>et</span> <span class='ocrx_word' id='word_1_339' title='bbox 1307 3555 1403 3606; x_wconf 90' lang='lat' dir='ltr'>per</span> <span class='ocrx_word' id='word_1_340' title='bbox 1442 3537 1557 3606; x_wconf 87' lang='lat' dir='ltr'>ejus</span> <span class='ocrx_word' id='word_1_341' title='bbox 1595 3553 1784 3588; x_wconf 90' lang='lat' dir='ltr'>manus</span> <span class='ocrx_word' id='word_1_342' title='bbox 1811 3533 2042 3588; x_wconf 85' lang='lat' dir='ltr'>virtutes</span> <span class='ocrx_word' id='word_1_343' title='bbox 2074 3551 2249 3604; x_wconf 88' lang='lat' dir='ltr'>agere,</span> <span class='ocrx_word' id='word_1_344' title='bbox 2290 3550 2516 3603; x_wconf 89' lang='lat' dir='ltr'>quarum</span> 
     </span>
     <span class='ocr_line' id='line_1_43' title="bbox 481 3604 1776 3680; baseline 0.004 -23"><span class='ocrx_word' id='word_1_345' title='bbox 481 3608 777 3676; x_wconf 83' lang='lat' dir='ltr'>praestante</span> <span class='ocrx_word' id='word_1_346' title='bbox 814 3604 1048 3660; x_wconf 93' lang='lat' dir='ltr'>Domino</span> <span class='ocrx_word' id='word_1_347' title='bbox 1084 3615 1401 3678; x_wconf 83' lang='lat' dir='ltr'>acceperant</span> <span class='ocrx_word' id='word_1_348' title='bbox 1437 3613 1776 3680; x_wconf 86' lang='lat' dir='ltr'>potestatem.</span> 
     </span>
    </p>

    <p class='ocr_par' dir='ltr' id='par_1_7' title="bbox 631 3678 2515 3757">
     <span class='ocr_line' id='line_1_44' title="bbox 631 3678 2515 3757; baseline -0.002 -22"><span class='ocrx_word' id='word_1_349' title='bbox 631 3678 706 3736; x_wconf 90' lang='lat' dir='ltr'>Et</span> <span class='ocrx_word' id='word_1_350' title='bbox 742 3682 923 3736; x_wconf 83' lang='lat' dir='ltr'>vestro</span> <span class='ocrx_word' id='word_1_351' title='bbox 962 3697 1108 3736; x_wconf 85' lang='lat' dir='ltr'>nunc</span> <span class='ocrx_word' id='word_1_352' title='bbox 1132 3688 1320 3740; x_wconf 81' lang='lat' dir='ltr'>sancto</span> <span class='ocrx_word' id='word_1_353' title='bbox 1346 3683 1638 3741; x_wconf 86' lang='lat' dir='ltr'>conventui</span> <span class='ocrx_word' id='word_1_354' title='bbox 1664 3681 1918 3757; x_wconf 86' lang='lat' dir='ltr'>quidnam</span> <span class='ocrx_word' id='word_1_355' title='bbox 1943 3681 2088 3736; x_wconf 88' lang='lat' dir='ltr'>aliud</span> <span class='ocrx_word' id='word_1_356' title='bbox 2112 3678 2515 3754; x_wconf 85' lang='lat' dir='ltr'>postulandum,</span> 
     </span>
    </p>
   </div>
  </div>
 </body>
</html>
