2722 4146
493 276 562 330 64

490 425 631 478 nihil
670 442 783 478 non
837 420 1129 477 concinens
1182 420 1465 476 inventum
1519 425 1619 489 est,
1672 442 1735 478 ac
1785 423 2018 480 nihilum
2067 425 2354 484 immutata
2398 442 2538 485 verae

490 499 846 553 confessionis
886 497 1028 551 ratio
1083 497 1142 548 in
1195 515 1256 549 ea
1294 501 1591 566 perspecta.
1668 498 1751 552 Ac
1802 501 1972 554 veluti
2024 501 2196 571 ipsius
2237 504 2539 575 principem

488 574 776 643 apostolici
819 572 969 625 chori
1010 570 1304 640 primaeque
1357 571 1624 637 cathedrae
1677 573 2000 628 Antistitem
2040 576 2262 630 Petrum
2303 580 2538 634 contuiti
2586 613 2590 619 -

490 667 672 701 sumus
711 647 976 699 mentium
995 648 1307 698 nostrarum
1348 645 1521 699 oculis
1561 647 1734 701 totius
1775 648 2196 718 dispensationis
2216 654 2536 721 mysterium

489 723 751 774 divinitus
822 721 1167 788 eloquentem
1236 721 1504 788 verbaque
1571 721 1686 774 haec
1741 741 1838 791 per
1907 742 1993 777 eas
2064 725 2251 779 literas
2318 727 2536 782 Christo

488 796 802 849 facientem:
848 794 932 846 Tu
972 812 1026 848 es
1070 793 1318 847 Christus
1354 795 1539 848 Filius
1576 794 1684 848 Dei
1722 798 1845 850 vivi.
1935 798 2074 852 Nam
2126 801 2306 869 ipsum
2357 804 2536 855 totum

489 870 762 923 Christum
804 869 961 921 nobis
1002 887 1167 921 sacrae
1208 871 1320 938 ejus
1361 869 1534 922 literae
1575 869 1887 924 disserendo
1938 874 2349 942 exprimebant:
2404 895 2537 946 quas

487 963 669 998 omnes
708 943 1004 996 libentibus
1044 943 1238 995 animis
1278 944 1590 1012 sincereque
1629 945 1946 1014 accepimus,
2000 952 2054 1000 et
2106 949 2274 1002 veluti
2313 949 2536 1003 Petrum

487 1019 630 1071 ulnis
669 1017 835 1070 animi
875 1018 1255 1086 suscepimus»
1337 1017 1538 1085 (Mansi
1599 1023 1727 1073 tom.
1768 1019 1847 1072 XI
1918 1040 2039 1091 pag.
2084 1025 2230 1089 715.)
2310 1024 2538 1077 Exultat

486 1093 786 1162 Imperator
828 1092 892 1144 de
932 1092 1212 1161 triumpho
1253 1096 1308 1146 et
1346 1093 1451 1145 ait:
1517 1093 1826 1156 «Quomodo
1869 1095 2012 1147 enim
2049 1096 2103 1149 id
2141 1089 2384 1151 facturus
2423 1118 2536 1152 non

486 1172 602 1220 erat
642 1167 701 1218 in
740 1185 800 1218 ea
841 1167 1016 1230 Petra,
1070 1185 1230 1235 super
1286 1186 1443 1236 quam
1498 1168 1612 1236 ipse
1652 1168 1949 1221 Ecclesiam
2002 1170 2250 1225 fundavit
2297 1190 2359 1224 ac
2399 1191 2536 1241 prae-

485 1242 643 1306 dixit,
684 1259 963 1310 nunquam
1002 1242 1135 1303 fore,
1177 1245 1240 1294 ut
1279 1245 1454 1310 portae
1495 1242 1676 1307 inferi,
1731 1242 1833 1296 hoc
1873 1248 1955 1297 est
2005 1244 2275 1299 haereticae
2326 1246 2537 1299 insidiae

483 1317 738 1369 adversus
779 1334 893 1368 eam
933 1316 1356 1384 p1·aevalerent!»

1253 1481 1447 1541 Causa
1499 1483 1765 1542 Honor-ii.

634 1613 867 1667 Actione
907 1611 1027 1667 XII.
1070 1616 1124 1665 et
1162 1611 1313 1665 XIII.
1367 1613 1519 1666 lectae
1572 1614 1816 1683 epistolae
1867 1614 2103 1668 Honorii
2153 1620 2209 1670 et
2257 1617 2312 1669 in
2354 1617 2535 1670 eadem

485 1690 699 1743 actione
738 1688 888 1741 XIII.
932 1688 1190 1741 instituto
1250 1688 1499 1755 synodali
1557 1689 1827 1741 examine:
1889 1689 2280 1743 Gloriosissimi
2328 1692 2534 1760 judices

488 1759 772 1816 dixerunt:
814 1762 1183 1831 Prosequatur
1225 1766 1472 1814 sanctum
1511 1767 1565 1815 et
1605 1764 1908 1816 universale
1948 1768 2186 1817 vestrum
2214 1765 2533 1828 Concilium,

486 1857 605 1907 quae
645 1839 701 1890 in
743 1837 997 1890 antelatis
1037 1838 1103 1889 ab
1145 1855 1205 1889 eo
1234 1836 1500 1904 promissa
1528 1842 1672 1890 sunt.
1752 1836 2011 1891 Sanctum
2039 1838 2340 1892 Concilium
2368 1840 2531 1893 dixit:

486 1912 791 1966 Secundum
830 1911 1258 1981 promissionem,
1303 1929 1423 1980 quae
1462 1931 1494 1963 a
1533 1911 1687 1964 nobis
1728 1912 1795 1964 ad
1836 1918 2073 1966 vestram
2112 1914 2343 1983 gloriam
2390 1915 2534 1968 facta

486 1992 584 2051 est,
645 1990 1004 2040 retractantes
1063 1985 1395 2055 dogmaticas
1455 1987 1729 2054 epistolaS,
1792 2005 1909 2055 quae
1966 1991 2223 2056 tanquam
2273 2008 2304 2040 a
2344 1987 2532 2059 Sergio

486 2062 757 2130 quondam
819 2060 1131 2113 patriarcha
1188 2060 1346 2128 hujus
1405 2079 1435 2112 a
1494 2061 1608 2113 Deo
1667 2062 2048 2114 conservandae
2107 2063 2256 2115 urbis
2313 2063 2535 2131 scriptae

486 2140 632 2198 sunt,
673 2142 786 2189 tam
824 2136 892 2188 ad
933 2134 1150 2203 Cyrum,
1193 2135 1286 2203 qui
1326 2138 1457 2187 tunc
1495 2135 1675 2187 fuerat
1714 2135 2015 2204 Episcopus
2054 2135 2316 2201 Phasidis,
2371 2156 2532 2206 quam

484 2211 551 2262 ad
591 2210 915 2273 Honorium,
958 2210 1231 2278 quondam
1270 2208 1468 2277 Papam
1508 2210 1748 2278 antiquae
1787 2209 2002 2263 Romae:
2063 2210 2312 2264 similiter
2352 2214 2532 2264 autem

486 2289 540 2338 et
579 2285 867 2354 epistolam
906 2285 972 2336 ab
1013 2284 1127 2347 illo,
1180 2283 1213 2338 i.
1258 2301 1300 2336 e.
1341 2283 1590 2336 Honorio
1642 2284 1960 2352 rescriptam
2012 2285 2078 2337 ad
2129 2286 2355 2338 eundem
2408 2284 2532 2338 Ser-

485 2360 651 2429 gium,
693 2359 894 2428 hasque
933 2358 1270 2411 invenientes
1313 2358 1532 2411 omnino
1583 2359 1785 2411 alienas
1839 2360 2067 2412 existere
2106 2360 2172 2412 ab
2218 2359 2532 2429 apostolicis

486 2434 828 2502 dogmatibus
867 2437 923 2485 et
960 2452 991 2484 a
1030 2433 1438 2484 definitionibus
1490 2437 1803 2486 sanctorum
1855 2433 2223 2486 Conciliorum
2274 2438 2328 2487 et
2369 2452 2532 2487 cunc-

487 2511 670 2559 torum
709 2507 1071 2575 probabilium
1111 2506 1353 2568 Patrum,
1410 2506 1562 2574 sequi
1615 2525 1741 2558 vero
1781 2507 1944 2560 falsas
1996 2508 2273 2561 doctrinas
2312 2508 2531 2562 haereti-

488 2599 690 2644 corum,
732 2600 818 2633 eas
859 2580 1170 2633 omnimodo
1210 2579 1493 2647 abjicimus
1544 2584 1599 2632 et
1650 2584 1905 2648 tanquam
1946 2582 2137 2634 animae
2182 2582 2371 2647 noxias
2410 2600 2530 2634 exe-

488 2672 714 2712 cramur.
813 2655 1054 2717 Quorum
1109 2657 1308 2717 autem,
1369 2653 1423 2704 id
1481 2657 1563 2705 est
1621 2654 1911 2706 eorundem
1984 2655 2149 2724 impia
2208 2675 2531 2726 exequamur

486 2728 757 2799 dogmata,
798 2729 993 2782 horum
1032 2731 1087 2780 et
1125 2727 1345 2779 nomina
1395 2746 1426 2778 a
1477 2731 1663 2779 sancta
1708 2727 1808 2779 Dei
1863 2728 2098 2781 Ecclesia
2147 2730 2338 2798 projici
2383 2731 2531 2798 judi-

487 2803 741 2867 cavimus,
782 2803 836 2856 id
865 2807 948 2856 est
974 2801 1165 2871 Sergii,
1196 2801 1323 2870 Cyri
1351 2800 1724 2864 Alexandrini,
1753 2800 1971 2869 Pyrrhi,
2007 2802 2154 2855 Petri
2185 2807 2239 2856 et
2266 2803 2452 2857 Pauli.
2478 2844 2490 2856 .
2515 2847 2526 2856 .

487 2878 759 2937 Theodori
788 2922 798 2932 .
830 2919 841 2930 .
873 2918 884 2930 .
926 2880 1119 2945 utpote
1158 2875 1432 2929 contraria
1471 2879 1633 2928 rectae
1659 2874 1782 2927 fidei
1808 2876 2118 2939 sentienteS,
2146 2895 2280 2945 quos
2304 2877 2530 2931 anathe-

487 2953 619 3005 mati
659 2952 908 3005 submitti
947 2951 1244 3002 definimus,
1328 2949 1460 3003 Cum
1512 2949 1597 3002 his
1637 2968 1763 3002 vero
1815 2950 1974 3001 simul
2015 2950 2209 3019 projici
2260 2970 2292 3003 a
2343 2956 2528 3004 sancta

488 3027 587 3078 Dei
644 3026 910 3080 catholica
950 3025 1189 3078 Ecclesia
1247 3024 1511 3093 simulque
1567 3023 2014 3077 anathematizari
2070 3025 2415 3092 praevidimus
2473 3031 2528 3079 et

487 3100 811 3165 Honorium,
852 3100 947 3170 qui
986 3100 1166 3152 fuerat
1206 3098 1349 3167 Papa
1387 3098 1628 3167 antiquae
1665 3097 1867 3160 Romae,
1922 3115 1983 3150 eo
2040 3099 2183 3167 quod
2221 3099 2527 3152 invenimus

492 3193 583 3242 per
623 3176 843 3244 scripta,
885 3192 1004 3244 quae
1041 3175 1107 3227 ab
1147 3191 1208 3226 eo
1247 3173 1390 3226 facta
1429 3177 1560 3225 sunt
1597 3173 1664 3225 ad
1705 3170 1968 3242 Sergium,
2017 3172 2142 3242 quia
2182 3174 2237 3226 in
2281 3173 2527 3227 omnibus

490 3251 602 3316 ejus
641 3254 876 3303 mentem
913 3251 1128 3302 secutus
1167 3251 1251 3301 est
1289 3250 1344 3300 et
1381 3246 1547 3316 impia
1585 3247 1840 3317 dogmata
1861 3246 2206 3300 confirmavit
2233 3269 2256 3295 »

637 3322 797 3375 Dicta
834 3323 1123 3386 sententia,
1179 3322 1367 3375 Patres
1417 3339 1518 3390 pro
1557 3339 1707 3374 more
1743 3319 2092 3388 synodorum,
2147 3322 2274 3390 quid
2313 3324 2525 3391 gestum

490 3395 580 3459 sit,
647 3396 714 3448 ad
782 3394 1124 3466 Agathonem
1181 3396 1426 3450 referunt
1488 3398 1653 3464 atque
1721 3413 1784 3448 ex
1842 3396 1955 3463 ejus
2024 3394 2200 3449 literis
2258 3394 2523 3466 Sergium,

491 3470 791 3538 Pyrrhum,
853 3473 1105 3534 caeterOS,
1142 3469 1472 3530 vHonorium
1528 3487 1743 3540 quoque
1797 3467 2110 3522 damnatum
2175 3470 2522 3539 profitentur.

492 3544 692 3612 (Mansi
729 3548 863 3598 tom.
902 3542 995 3598 XI.
1042 3563 1093 3613 p.
1138 3545 1285 3614 554.)
2284 3589 2286 3592 .

639 3618 828 3688 Atqui,
866 3617 1094 3686 inquieS,
1133 3617 1355 3689 Agatho
1392 3618 1530 3672 nihil
1581 3617 1645 3671 de
1681 3615 1929 3670 Honorio
1967 3617 2271 3687 scripserat.
2349 3616 2524 3680 Certe,

491 3693 582 3751 sed
621 3711 743 3747 cum
778 3691 916 3746 alios
954 3692 1197 3761 exemplo
1235 3692 1590 3747 antecessoris
1630 3691 1714 3747 sui
1749 3689 1976 3745 Martini
2015 3691 2422 3746 condemnasset
2461 3707 2525 3743 ac
