2722 4146
2143 289 2210 347 45

171 462 330 517 quam
377 446 440 499 ut
493 463 614 499 cum
666 440 860 498 fiducia
910 440 1209 513 loquamini
1248 438 1471 496 verbum
1508 438 1770 496 Domini?
1824 458 1984 512 quam
2022 445 2086 496 ut
2125 442 2216 496 det

170 540 401 586 servare,
443 539 561 590 quae
598 519 890 589 praedicare
930 518 1212 582 concessit,
1254 520 1315 570 ut
1353 517 1552 594 repleti
1579 515 1787 586 Spiritu
1826 520 2034 581 sancto,
2074 517 2215 570 sicut

170 596 432 664 scriptum
472 599 554 648 est
594 593 739 661 (Act
780 593 875 646 VI.
921 598 1003 646 31.
1010 593 1048 662 ),
1088 593 1216 645 licet
1255 609 1348 645 ore
1387 582 1599 645 diverso
1626 610 1794 644 unum
1830 595 2029 655 tamen,
2071 590 2215 660 quod

169 671 282 739 ipse
322 668 561 739 Spiritus
601 667 800 731 docuit,
842 667 1186 736 proferatis.»
1287 665 1502 718 Claudit
1540 667 1823 735 epistolam
1863 664 1915 719 S.
1957 665 2214 719 Pontifex

167 744 362 808 dicenS,
418 762 472 796 se
526 743 733 795 misisse
784 743 1013 812 legatos,
1071 741 1198 810 «qui
1236 740 1319 805 iis,
1372 758 1490 809 quae
1528 744 1788 810 aguntur,
1838 741 2116 805 intersint,
2159 742 2214 792 et

167 836 284 888 quae
323 837 355 870 a
391 817 547 871 nobis
585 820 767 870 autem
806 819 1013 870 statuta
1052 819 1181 868 sunt
1208 818 1613 884 exequantur»3
1655 815 1745 868 sed
1771 833 1920 868 more
1945 814 2212 884 synodali,

168 894 407 962 subjecta
447 891 719 944 sententia
769 909 912 944 novo
964 908 1199 959 veroque
1250 889 1500 953 examini,
1540 907 1682 942 novo
1722 908 1957 958 veroque
1990 889 2214 959 judicio,

165 966 611 1035 quemadmodum
663 969 878 1018 constat
930 984 993 1018 ex
1055 964 1268 1017 actione
1321 964 1362 1016 I.
1419 963 1490 1016 II.
1544 963 1643 1015 III.
1705 963 1940 1033 ejusdem
1998 963 2214 1016 concilii

164 1041 455 1109 Ephesini:
497 1040 629 1093 alias
668 1040 734 1092 ad
762 1039 891 1109 quid
918 1039 1224 1103 concilium,
1265 1038 1331 1091 ad
1359 1038 1487 1107 quid
1512 1041 1795 1091 tantorum
1821 1037 2215 1107 Episcoporum

163 1115 520 1168 convocatio?

311 1189 393 1241 Ex
433 1207 537 1258 qua
578 1188 806 1257 epistola
846 1187 898 1242 S.
942 1187 1220 1241 Coelestini
1246 1186 1313 1238 ad
1354 1186 1622 1255 synodum
1656 1186 1989 1256 Ephesinam
2027 1191 2210 1256 patet:

170 1264 226 1316 1⁰
269 1263 569 1316 Concilium
590 1262 1150 1331 Hierosolymitanum
1191 1261 1439 1314 omnibus
1478 1261 1822 1330 propositum
1848 1265 1912 1314 ut
1937 1280 2211 1325 normam3

165 1339 227 1391 2⁰
249 1337 513 1407 Spiritum
534 1343 782 1390 sanctum
810 1337 1220 1407 congregationi
1240 1335 1633 1404 Episcoporum
1670 1335 1996 1403 promissum
2029 1334 2210 1400 fuisse,

162 1412 251 1465 et
238 1413 343 1480 1psi
360 1416 679 1481 praesentem
699 1429 838 1464 esse:
867 1414 926 1464 3⁰
942 1429 1250 1480 supremum
1265 1409 1543 1480 judicium,
1567 1410 1710 1478 quod
1733 1408 1968 1477 Spiritus
1993 1415 2213 1463 sanctus

162 1487 409 1555 inspirat
464 1487 520 1538 in
574 1486 819 1538 unanimi
872 1485 1267 1554 Episcopoium
1317 1483 1668 1536 consensione
1721 1502 1840 1535 cum
1891 1502 1988 1536 suo
2037 1485 2212 1553 capite

161 1579 192 1612 a
233 1561 447 1613 Christo
475 1561 799 1613 collocatum
825 1560 1017 1622 fuisse:
1060 1561 1122 1611 4⁰
1151 1557 1362 1611 etiamsi
1401 1558 1632 1610 concilio
1660 1557 1934 1626 Ephesino
1961 1563 2213 1628 amgeretui

163 1635 226 1686 de
267 1653 424 1686 causa
463 1632 706 1687 Nestorii
745 1654 775 1686 a
815 1653 855 1686 s.
898 1635 1020 1686 sede
1053 1636 1167 1702 jam
1198 1633 1457 1702 judicata,
1499 1650 1617 1700 quae
1656 1651 1767 1683 non
1807 1632 1965 1684 modo
2013 1651 2212 1701 appro-

160 1710 380 1762 baverat
421 1709 704 1777 epistolam
727 1707 778 1761 S.
803 1707 994 1776 Cyrilli
1035 1707 1341 1759 damnantis
1382 1724 1621 1758 errorem
1648 1704 1891 1759 Nestorii
1930 1710 1984 1759 et
2025 1707 2211 1760 catho-

159 1784 316 1836 licam
354 1782 657 1835 doctrinam
697 1782 1031 1851 explicantiS,
1075 1782 1165 1834 sed
1205 1781 1367 1834 etiam
1408 1780 1723 1833 solemniter
1763 1781 2212 1834 condemnaverat

159 1858 457 1927 apostolica
496 1856 824 1910 auctoritate
864 1875 1102 1908 errorem
1140 1854 1399 1918 Nestorii,
1441 1855 1703 1924 illumque
1741 1855 1847 1907 nisi
1886 1859 2213 1908 retractaret

159 1937 213 1986 et
252 1932 577 1985 sententiam
617 1930 810 2000 Cyrilli
850 1934 902 1983 et
944 1930 1222 1983 catholicae
1263 1929 1515 1982 Ecclesiae
1552 1929 1833 1998 reciperet,
1874 1929 2214 1982 anathemate

158 2007 484 2068 mulctabat:
524 2010 705 2059 tamen
745 2004 797 2058 S.
840 2005 1187 2058 Coelestinum
1226 2004 1380 2057 Rom.
1423 2004 1745 2056 Pontificem
1805 2004 1994 2056 fateri:
2051 2004 2210 2073 Epis-

161 2100 323 2150 copos
383 2084 742 2151 congregatos
802 2097 914 2132 esse
971 2080 1028 2131 in
1068 2079 1341 2148 Ephesina
1382 2078 1606 2147 synodO,
1667 2082 1730 2131 ut
1787 2082 2046 2147 tanquam
2097 2079 2210 2130 veri

158 2156 282 2207 fidei
316 2155 522 2225 judices
562 2174 592 2207 a
613 2154 832 2207 Christo
860 2154 1096 2207 Domino
1138 2154 1195 2205 in
1222 2171 1454 2222 persona
1480 2152 1873 2220 Apostolorum
1900 2153 2208 2217 constituti,

159 2230 379 2282 eandem
419 2247 631 2282 causam
670 2247 813 2281 novo
854 2232 907 2281 et
946 2246 1075 2280 vero
1115 2227 1349 2279 examini
1389 2226 1708 2295 subjiciant:
1751 2227 1814 2279 de
1842 2227 2024 2278 eadem
2051 2246 2208 2279 causa

160 2304 452 2358 secundum
508 2304 807 2372 scripturas
866 2306 920 2355 et
977 2301 1330 2371 apostolicam
1387 2300 1740 2354 traditionem
1792 2319 1935 2353 novo
1988 2305 2043 2354 et
2082 2319 2207 2353 vero

155 2379 359 2448 judicio
394 2377 655 2447 judicent,
699 2381 752 2429 et
791 2395 905 2428 eam
944 2394 1280 2429 communem
1318 2374 1644 2428 sententiam
1684 2375 2069 2443 pronuncient,
2121 2375 2208 2427 cui

163 2452 399 2521 Spiritus
439 2470 479 2504 s.
521 2450 831 2504 assistentia
868 2450 1132 2518 promissa
1170 2450 1278 2503 fuit
1314 2469 1345 2502 a
1385 2449 1618 2502 Christo.
1712 2449 1774 2501 Id
1814 2454 1912 2514 est,
1952 2449 2209 2518 Episcopi

163 2530 532 2579 convocantur
570 2526 628 2577 in
687 2524 940 2578 Conciliis
997 2524 1356 2588 oecumeniciS,
1409 2542 1520 2576 non
1572 2528 1635 2576 ut
1671 2523 1896 2577 audiant
1944 2542 2210 2577 summum

162 2601 484 2654 Pontificem
524 2599 897 2661 definientem:
938 2618 1050 2652 non
1088 2602 1152 2651 ut
1192 2617 1399 2651 summo
1439 2597 1694 2651 Pontifici
1734 2602 1993 2668 tanquam
2032 2598 2239 2661 consi&

161 2674 308 2727 liarii
346 2674 636 2738 assistant3
677 2692 787 2727 non
827 2673 895 2725 ad
933 2673 1277 2744 magnificam
1317 2672 1584 2742 quandam
1629 2673 2044 2736 solemnitatem,
2103 2691 2210 2742 qua

163 2748 445 2802 Pontificis
484 2748 827 2801 definitiones
867 2752 1162 2810 exornent3
1204 2766 1316 2800 non
1354 2751 1416 2800 ut
1455 2746 1800 2800 definitiones
1839 2747 1994 2800 Rom.
2016 2746 2209 2800 Ponti-

164 2823 279 2876 ficis
320 2840 461 2876 coeca
501 2823 820 2886 obedientia,
861 2823 1060 2891 absque
1099 2822 1360 2886 examine,
1412 2822 1611 2890 absque
1654 2821 1860 2891 judicio
1911 2821 2206 2889 recipiant:

167 2897 320 2967 quasi
358 2897 415 2949 in
454 2897 554 2950 hac
592 2896 823 2966 simplici
863 2896 1169 2950 obedientia
1195 2900 1249 2949 et
1275 2895 1587 2964 acceptione
1614 2894 1992 2948 definitionum
2016 2895 2208 2948 Ponti-

165 2973 327 3024 ficum
384 2972 708 3025 collocatum
763 2972 835 3025 sit
892 2971 1029 3023 illud
1087 2971 1314 3023 docendi
1373 2974 1426 3022 et
1459 2969 1736 3039 judicandi
1793 2988 2004 3033 munus,
2064 2970 2207 3038 quod

167 3046 299 3114 ipsis
337 3064 369 3098 a
408 3045 623 3100 Christo
675 3046 932 3099 collatum
971 3045 1095 3109 fuit,
1154 3048 1218 3098 ut
1271 3043 1526 3097 nonnulli
1584 3043 2056 3112 conscripserunt:
2114 3045 2207 3096 sed

168 3119 421 3188 Episcopi
459 3120 577 3173 ideo
618 3125 882 3174 vocantur
921 3120 978 3172 in
1019 3119 1262 3172 Concilia
1299 3117 1642 3182 oecumenica,
1683 3121 1747 3169 ut
1782 3121 2043 3186 tanquam
2094 3118 2207 3170 veri

169 3193 418 3263 magistri
473 3198 527 3248 et
575 3195 782 3264 judices
822 3214 929 3247 una
969 3212 1088 3246 01110
1126 3193 1280 3246 Rom.
1322 3192 1586 3245 Pontifice
1624 3210 1710 3244 res
1750 3191 1874 3244 fidei
1913 3191 2207 3246 definiant:

171 3270 232 3320 ut
272 3268 566 3321 auctoritas
604 3269 1013 3339 Episcoporum,
1053 3266 1369 3320 auctoritati
1397 3266 1552 3318 Rom.
1579 3265 1862 3319 Pontificis
1902 3269 2206 3336 conjuncta,

170 3345 344 3394 totam
381 3342 792 3395 ecclesiasticam
829 3341 1212 3396 auctoritatem
1251 3341 1520 3411 integret:
1566 3343 1747 3393 totum
1785 3341 2208 3394 ecclesiasticum

172 3415 561 3486 magisterium,
619 3435 927 3486 supremum
985 3419 1039 3469 et
1096 3433 1373 3469 commune
1423 3413 1687 3484 judicium
1747 3415 2062 3480 constituat,
2121 3415 2208 3468 cui

172 3489 482 3542 assistentia
520 3488 755 3558 Spiritus
795 3490 970 3544 sancti
1006 3489 1115 3543 fuit
1153 3489 1430 3558 promissa.
1506 3486 1631 3542 Non
1657 3489 1801 3542 enim
1826 3489 2207 3559 promissiones

175 3563 379 3617 Christi
417 3563 730 3632 implentur,
779 3565 885 3619 nisi
935 3564 1076 3617 adsit
1113 3567 1231 3616 tota
1268 3561 1506 3614 Ecclesia
1543 3562 1758 3629 docens,
1813 3564 1900 3616 cui
1957 3564 2039 3616 hae
2078 3581 2207 3632 pro-

174 3637 457 3692 missiones
495 3638 651 3691 factae
689 3642 832 3693 sunt.
909 3638 990 3691 De
1028 3637 1129 3690 hac
1166 3635 1372 3705 synodo
1412 3636 1678 3691 scribebat
1702 3637 2006 3708 Imperator
2031 3637 2207 3690 Theo-

175 3711 357 3765 dosius
413 3711 479 3765 ad
530 3710 583 3764 S.
624 3710 885 3782 Cyrillum
935 3730 1049 3781 cap.
1104 3716 1217 3765 31.:
1277 3709 1536 3765 «Pietatis
1591 3711 1892 3766 doctrinam
1946 3712 2004 3764 in
2058 3728 2208 3765 sacra
