2612 4062
430 249 532 302 198

430 395 681 451 omnibus
719 392 1020 464 praemium
1059 390 1416 444 confessionis
1455 391 1722 461 accepisse
1742 390 1775 444 ¹.
1834 390 1900 444 In
1928 389 2028 443 hac
2059 389 2210 443 verbi
2239 390 2468 446 ‹Petra›

429 469 809 541 explicatione,
850 469 1094 520 servatur
1134 465 1285 519 Petri
1322 465 1618 535 primatuS,
1658 470 1918 535 tanquam
1957 464 2275 533 primarium
2313 467 2475 520 mini-

431 544 646 599 steriale
703 541 1144 602 fundamentum;
1205 543 1451 593 servatur
1509 540 1816 609 proprietas
1874 539 2162 592 verborum
2209 539 2366 593 Pauli
2422 545 2478 595 et

430 618 677 681 Joannis,
719 634 900 669 omnes
940 615 1219 683 apostolos
1257 614 1527 668 communi
1566 614 1904 667 fundamenti
1930 613 2151 666 nomine
2177 614 2477 686 insignien-

431 694 601 755 tium;
637 694 885 744 servatur
924 689 1124 742 veritas
1151 689 1445 742 locutionis
1471 709 1502 741 a
1528 688 1698 742 Paulo
1726 692 1835 742 tam
1862 687 2160 757 emphatice
2187 689 2476 754 adhibitae,

432 785 639 836 nempe,
685 764 1151 818 «Fundamentum
1201 764 1342 816 enim
1395 763 1543 816 aliud
1593 781 1750 815 nemo
1802 766 1984 832 potest
2025 781 2225 831 ponere
2263 768 2478 832 praeter

433 843 483 895 id
527 840 670 910 quod
708 839 948 908 positum
988 842 1087 900 est,
1129 839 1273 908 quod
1314 842 1396 891 est
1435 838 1682 891 Christus
1721 836 1930 891 ι103118.»
2012 835 2060 904 (l
2097 836 2218 890 Cor.
2246 837 2346 901 III,
2377 838 2478 907 2.);

435 915 666 984 eripitur
701 913 1022 966 adversariis
1062 913 1185 965 fidei
1222 913 1388 966 telum
1431 912 1575 981 quod
1601 915 1713 964 tam
1739 911 2032 964 efficaciter
2058 911 2116 964 in
2143 930 2243 965 nos
2269 912 2482 966 vibrare

435 988 832 1051 consueverint,
877 1007 997 1040 cum
1037 987 1223 1040 dicant
1251 987 1560 1041 Catholicos
1599 1004 1711 1039 non
1738 1004 1897 1055 super
1926 985 2161 1050 ChristO,
2204 987 2294 1039 sed
2323 1005 2481 1055 super

437 1063 658 1118 mortali
695 1063 931 1126 homine,
974 1062 1270 1115 Ecclesiam
1309 1062 1641 1114 aedificatam
1682 1078 1810 1123 esse,
1854 1060 2097 1122 credere;
2140 1064 2210 1122 01,
2241 1060 2384 1130 quod
2425 1060 2484 1114 in

436 1157 689 1210 praesens
729 1141 812 1190 est
845 1137 1066 1189 minime
1091 1137 1471 1205 spernendum,
1513 1135 1854 1188 subtrahitur
1881 1135 2154 1188 advocatis
2181 1134 2482 1198 Pontifieis,

437 1233 491 1267 se
531 1213 676 1276 solo,
718 1211 1052 1275 infallibilis,
1093 1211 1510 1264 fundamentum
1548 1209 1880 1280 argumenti,
1924 1209 2066 1278 quod
2107 1227 2172 1262 ex
2210 1209 2485 1262 locutione

438 1289 675 1358 figurata
715 1290 768 1339 01
794 1286 990 1339 incerti
1030 1305 1231 1350 sensus,
1273 1286 1339 1338 ad
1379 1286 1561 1338 vivum
1602 1303 1770 1354 usque
1795 1284 2001 1346 adacta,
2041 1283 2263 1336 educere
2291 1284 2484 1347 solent,

438 1363 505 1416 ad
543 1361 882 1431 probandum
932 1379 1052 1413 eum
1107 1379 1217 1413 non
1257 1365 1473 1414 tantum
1511 1377 1815 1427 supremam
1854 1358 1945 1411 sed
1985 1358 2146 1411 etiam
2185 1358 2488 1411 absolutam

438 1436 822 1491 auctoritatem
872 1455 901 1487 a
941 1435 1158 1488 Christo
1206 1435 1467 1488 obtinere.
1548 1433 1819 1502 Quidquid
1860 1434 1934 1486 sit
1971 1433 2034 1485 de
2072 1432 2173 1485 hac
2211 1450 2328 1485 mea
2367 1450 2487 1485 sen-

440 1511 645 1574 tentia,
700 1510 917 1563 obvium
957 1514 1040 1563 est
1078 1529 1143 1562 ex
1181 1510 1358 1562 verbis
1401 1510 1517 1562 «Tu
1557 1526 1610 1560 es
1652 1507 1873 1573 Petrus,
1915 1511 2050 1560 etc.»
2105 1510 2487 1577 argumentum

443 1585 834 1657 peremtorium
873 1585 932 1636 in
971 1584 1350 1653 probationem
1379 1583 1544 1636 etiam
1583 1582 1855 1635 Primatus
1894 1581 2048 1634 educi
2087 1581 2358 1650 nequire.⁸

590 1660 671 1712 De
724 1659 845 1711 aliis
910 1659 1087 1711 verbis
1138 1658 1341 1711 Christi
1391 1658 1457 1710 ad
1510 1657 1761 1710 Petrum:
1819 1656 2014 1709 «Pasce
2065 1675 2236 1726 agnos
2275 1673 2484 1716 meos3»

450 1753 639 1805 »pasce
690 1752 814 1787 oves
854 1752 1072 1797 meas,»
1130 1733 1234 1785 dici
1275 1737 1484 1802 potest,
1539 1731 1814 1784 Christum
1863 1749 1958 1801 per
2008 1730 2276 1799 triplicem
2330 1730 2491 1782 istam

445 1809 964 1863 commendationem
1004 1808 1303 1861 ostendisse
1343 1806 1592 1870 Petrum,
1645 1806 1852 1874 triplici
1902 1806 2059 1858 istius
2100 1804 2421 1875 negatione,
2463 1821 2490 1855 e

446 1884 736 1955 privilegio
789 1902 896 1952 quo
947 1882 1013 1934 ad
1064 1882 1437 1951 apostolorum
1487 1880 1826 1934 consortium
1865 1883 2086 1933 vocatus
2127 1879 2330 1942 fuerat,
2381 1895 2492 1930 non

574 2073 588 2098 ¹
627 2089 644 2115 ‹
667 2075 826 2118 Petrus
859 2087 909 2117 ex
939 2087 1125 2131 persona
1167 2073 1359 2117 omnium
1403 2073 1699 2130 apostolorum
1742 2072 2000 2129 profitetur:
2067 2070 2134 2114 Tu
2180 2084 2224 2114 es
2274 2068 2495 2121 Christus,

453 2134 610 2180 Filius
642 2133 732 2177 Dei
776 2133 893 2177 Vivi.
927 2158 983 2166 -—
1017 2133 1127 2187 Quia
1167 2137 1217 2177 tu
1259 2146 1303 2176 es
1347 2131 1535 2188 Petrus,
1584 2136 1626 2175 et
1668 2145 1802 2188 super
1848 2131 1967 2174 hanc
2012 2128 2195 2186 petram
2248 2128 2497 2183 aedificabo

452 2194 708 2239 Ecclesiam
753 2206 908 2236 mea-m.
958 2217 1011 2225 —-
1061 2193 1184 2238 Sicut
1230 2193 1322 2250 ipse
1370 2193 1519 2236 lumen
1562 2193 1774 2249 apostolis
1805 2191 2010 2243 donavit,
2058 2193 2108 2234 ut
2153 2191 2300 2235 lumen
2344 2187 2496 2233 mundi

453 2255 807 2312 appellarentur,
854 2255 1112 2310 caeteraque
1144 2267 1195 2297 ex
1227 2252 1413 2297 Domino
1445 2253 1595 2296 sortiti
1626 2254 1729 2295 sunt
1760 2251 1989 2295 vocabula:
2031 2251 2098 2294 ita
2130 2253 2175 2294 et
2206 2249 2391 2303 Simoni,
2424 2248 2498 2305 qui

453 2315 661 2359 credebat
711 2314 759 2357 in
808 2317 979 2370 petram
1035 2312 1282 2365 Christum,
1348 2312 1473 2356 Petri
1525 2312 1714 2366 largitus
1766 2313 1835 2355 031
1896 2325 2066 2354 nomen.
2149 2309 2211 2353 At
2264 2307 2499 2352 secundum

454 2375 758 2431 metaphoram
803 2376 956 2430 petrae
1002 2378 1122 2417 recte
1170 2373 1330 2416 dicitur
1374 2373 1442 2417 ei:
1493 2371 1737 2424 aedificabo
1771 2369 2022 2413 Ecclesiam
2069 2383 2210 2412 meam
2248 2372 2492 2424 superte.»

452 2435 497 2480 S.
531 2434 851 2478 HIERONYMUS
894 2434 940 2476 in
970 2433 1132 2476 Matth.
1166 2447 1200 2476 c.
1233 2431 1352 2475 XVI.
1384 2446 1424 2475 v.
1461 2432 1528 2474 15.
1564 2434 1629 2474 16.
1670 2455 1720 2461 -
1764 2430 1912 2473 <Sicut
1953 2430 2071 2473 enim
2112 2427 2320 2486 quaedam
2352 2427 2502 2470 dicun-

454 2498 529 2539 tur
572 2507 682 2551 quae
713 2493 768 2537 ad
799 2492 1043 2548 apostolum
1074 2493 1257 2536 Petrum
1300 2492 1471 2548 proprie
1501 2491 1721 2547 pertinere
1752 2490 2007 2539 videantur,
2046 2503 2126 2533 nec
2155 2493 2306 2532 tamen
2335 2486 2502 2530 habent

456 2555 678 2598 illustrem
709 2552 1009 2603 intellectum,
1051 2552 1136 2595 nisi
1181 2564 1278 2595 cum
1323 2552 1571 2594 referantur
1602 2549 1656 2592 ad
1690 2549 1950 2600 Ecclesiam,
1990 2549 2112 2605 cujus
2142 2549 2219 2592 ille
2251 2547 2503 2603 agnoscitur

456 2615 503 2658 in
536 2613 681 2671 figura
702 2614 897 2668 gestasse
928 2624 1171 2667 personam,
1204 2612 1383 2666 propter
1412 2610 1647 2665 primatum
1680 2622 1807 2665 quem
1839 2610 1885 2651 in
1916 2608 2139 2664 discipulis
2170 2606 2340 2657 habuit,
2373 2605 2503 2648 sicuti

459 2676 551 2717 est:
590 2671 693 2714 Tibi
726 2671 844 2714 dabo
878 2671 1019 2714 claves
1051 2671 1176 2727 reym'
1210 2670 1431 2719 coelorum,
1466 2672 1507 2710 et
1538 2669 1579 2711 si
1611 2681 1701 2722 qua
1735 2666 2013 2720 hujusmodi.
2040 2682 2056 2708 ›
2101 2667 2142 2710 S.
2179 2667 2501 2722 Anous'rmus.

458 2733 616 2777 Enarr.
664 2732 710 2775 in
760 2731 877 2774 Psal.
917 2729 1077 2774 CVIII.
1127 2743 1168 2772 n.
1207 2731 1244 2772 1.
1279 2752 1334 2758 —
1371 2728 1534 2770 <Sicut
1580 2728 1626 2770 in
1673 2727 1882 2782 apostolis
1930 2740 2023 2770 cum
2072 2728 2188 2769 esset
2231 2725 2368 2768 etiam
2418 2723 2503 2779 ipsi

459 2805 664 2838 numerus
696 2790 1008 2840 duodenarius,
1054 2789 1099 2832 id
1131 2790 1222 2840 est,
1263 2787 1612 2844 quadripartitus
1644 2787 1690 2829 in
1721 2788 1890 2837 ternos,
1934 2792 1979 2828 et
2011 2798 2158 2828 omnes
2190 2786 2335 2827 0880111
2367 2783 2503 2825 inter-

459 2853 621 2910 rogati,
655 2852 771 2895 solus
802 2851 962 2895 Petrus
991 2848 1243 2906 respondit:
1293 2847 1358 2890 Ta
1389 2861 1432 2890 es
1464 2847 1688 2899 Christus,
1722 2844 1878 2888 Filius
1910 2843 1999 2886 Dei
2028 2845 2135 2896 vivi,
2169 2847 2215 2887 et
2246 2843 2286 2886 ei
2316 2842 2501 2886 dicitur:

466 2912 569 2957 Tabi
615 2911 730 2954 dabo
761 2909 905 2954 clares
934 2908 1062 2966 reyni
1093 2908 1338 2963 caelorum,
1385 2910 1596 2962 tanquam
1638 2904 1811 2962 ligandi
1840 2907 1886 2948 et
1916 2903 2113 2948 solvendi
2144 2903 2260 2946 solus
2290 2901 2506 2958 acceperit

463 2974 760 3029 potestatem:
808 2983 906 3014 011111
937 2971 983 3014 et
1013 2968 1123 3013 illud
1154 2981 1266 3023 unus
1297 2980 1374 3023 pro
1407 2965 1608 3010 omnibus
1640 2966 1825 3015 dixerit,
1860 2966 1904 3007 et
1936 2965 2016 3007 hoc
2048 2977 2143 3006 cum
2176 2961 2375 3005 omnibus
2406 2965 2505 3004 tan-

465 3046 595 3088 quam
635 3043 863 3088 personam
898 3042 1055 3086 gerens
1087 3029 1225 3085 ipsius
1254 3027 1443 3070 unitatis
1473 3025 1710 3082 acceperit:
1755 3023 1851 3067 ideo
1882 3037 1993 3066 unus
2024 3036 2100 3078 pro
2132 3021 2357 3073 omnibus,
2404 3020 2506 3076 quia

465 3093 614 3134 unitas
645 3094 713 3134 est
743 3091 790 3133 in
821 3088 1036 3133 omnibus.
1060 3103 1078 3129 ›
1127 3088 1263 3132 IDEM.
1316 3087 1363 3129 In
1395 3085 1582 3129 Joannis
1612 3083 1916 3139 Evangelium.
1950 3081 2150 3127 CXVIII.
2183 3095 2226 3126 11.
2261 3085 2298 3123 4.
2368 3079 2507 3132 «Tibi,

465 3150 625 3206 inquit,
657 3149 768 3193 dabo
799 3149 943 3193 claves
974 3148 1102 3205 regni
1133 3147 1371 3192 coelorum:
1405 3147 1451 3189 et
1481 3148 1531 3188 ut
1562 3145 1704 3188 solvas
1735 3146 1781 3186 et
1810 3142 1939 3199 liges.
1993 3142 2085 3186 Hoc
2114 3141 2388 3185 Novatianus
2420 3151 2507 3182 non

469 3209 654 3258 audivit,
685 3208 760 3251 sed
791 3208 988 3252 Ecclesia
1016 3207 1097 3251 Dei
1129 3206 1312 3256 audivit,
1345 3204 1389 3248 id
1422 3207 1510 3256 est,
1550 3204 1626 3248 ille
1656 3202 1702 3246 in
1734 3201 1878 3259 lapsu,
1914 3202 2071 3256 1108111
2103 3201 2384 3244 remissione:
2432 3196 2507 3241 ille

469 3268 516 3311 in
569 3268 927 3323 impoenitentia,
985 3281 1066 3310 nos
1111 3267 1158 3310 in
1206 3265 1366 3323 gratia.
1445 3263 1566 3317 Quod
1614 3262 1745 3306 Petro
1793 3261 1983 3313 dicitur,
2031 3260 2242 3318 apostolis
2287 3258 2462 3302 dicitur.
2484 3272 2503 3295 ι

471 3327 515 3371 S.
547 3326 834 3370 AMBRosms.
896 3327 949 3370 In
979 3327 1203 3371 Psalmum
1236 3323 1483 3368 XXXVIII.
1517 3337 1559 3366 n.
1594 3324 1662 3367 37.

598 3382 614 3406 ²
660 3385 897 3442 Postquam
942 3400 1051 3443 quae
1097 3399 1228 3443 supra
1271 3384 1488 3441 leguntur
1532 3382 1651 3439 typis
1693 3378 2032 3430 mandarentur,
2097 3378 2231 3422 incidi
2277 3377 2323 3420 in
2367 3376 2508 3420 locum

472 3444 695 3490 Paschasii
728 3444 959 3496 Radberti,
1003 3446 1077 3502 qui
1108 3444 1303 3489 eamdem
1333 3456 1509 3500 prorsus
1544 3441 1685 3486 ideam
1718 3439 1936 3497 exprimit.
2005 3451 2022 3477 ‹
2044 3438 2170 3482 Licet
2199 3450 2328 3494 super
2358 3435 2510 3480 eodem

472 3504 759 3549 fundamento
804 3504 968 3558 primus
1013 3519 1064 3548 ac
1109 3506 1146 3548 si
1189 3505 1319 3560 caput
1351 3502 1508 3546 Petrus
1552 3502 1670 3545 recte
1699 3499 1869 3556 positus
1909 3497 2135 3548 credatur,
2174 3499 2324 3540 tamen
2364 3495 2412 3539 in
2457 3507 2510 3539 ea

474 3567 621 3623 petra,
667 3561 720 3606 de
766 3575 852 3619 qua
896 3575 1053 3606 nomen
1098 3564 1183 3607 sibi
1227 3577 1277 3607 ex
1319 3561 1431 3606 dono
1461 3562 1622 3613 traxit,
1664 3561 1709 3602 et
1741 3572 1870 3614 super
1914 3571 2009 3602 eam
2040 3558 2140 3602 tota
2169 3555 2436 3600 construitur
2464 3554 2510 3597 et

475 3621 784 3669 constabilitur
813 3620 894 3667 illa
923 3622 1122 3666 caelestis
1145 3622 1402 3672 Jerusalem,
1433 3620 1481 3665 id
1511 3622 1595 3675 est,
1626 3630 1752 3676 super
1775 3615 2010 3672 Christum,
2043 3619 2094 3662 ut
2111 3615 2237 3661 firma
2257 3612 2509 3674 permaneat

475 3685 531 3737 in,
553 3686 778 3743 aetemum.
805 3695 824 3723 ›
888 3678 1061 3737 Expos.
1093 3683 1144 3726 in
1173 3681 1342 3730 Matth.
1373 3680 1452 3729 lib.
1470 3678 1606 3728 ,V111.
1636 3691 1671 3726 0,
1707 3678 1774 3722 16.
1957 3734 1962 3738 .
2135 3687 2138 3690 ’
2174 3715 2176 3717 ,
2386 3683 2389 3686 ’
2459 3679 2468 3685 “
