2612 4062
420 252 525 302 252

416 416 551 467 quos
614 397 680 449 ad
745 396 918 448 Deum
981 397 1351 464 perducendos
1414 397 1715 466 accepimus
1741 439 1752 461 ‚
1817 397 2174 467 apostolicam
2231 398 2467 468 petimus

415 471 858 524 benedictionem.

536 559 639 602 Dat.
671 559 836 601 Romae
873 560 938 602 12.
971 557 1170 602 Januarii
1208 561 1332 603 1870.
1664 559 1931 603 Sanctitatis
1963 559 2081 603 Tuae

1265 633 1515 677 Humillimi
1545 634 1923 691 obsequentissimi
1955 648 2004 678 ac
2035 634 2306 678 devotissimi
2337 635 2465 679 servi.

1482 723 1655 780 Folgen
1685 723 1755 768 die
1785 724 2169 769 Unterschriften:
2188 722 2202 746 ¹

565 841 1051 913 Schwarzenberg,
1103 843 1405 908 Rauscher,
1461 843 1667 907 Simor,
1718 844 2025 911 Tarnoczy,
2082 844 2467 914 Fiirstenberg,

416 917 715 986 Gollmayr,
745 916 957 979 Scherr,
987 916 1407 986 Szymonowicz,
1431 918 1700 982 Deinlein,
1724 917 2172 987 Wierzchleyski,
2194 918 2465 987 Haynald‚

415 991 695 1050 MelcherS‚
728 991 966 1055 Forster,
990 991 1206 1055 Dinkel,
1239 991 1541 1056 SmiciklaS‚
1572 991 1954 1060 Strossmayer,
1974 991 2162 1063 Legat,
2182 992 2467 1057 Wedekin,

414 1066 633 1129 Peitler,
651 1064 1107 1129 Namszanowski,
1129 1065 1164 1119 J
1167 1066 1319 1131 irsik,
1346 1066 1644 1130 Eberhard,
1661 1067 1932 1130 Forwerk,
1949 1066 2158 1135 Wiery,
2175 1067 2468 1137 Fogarasy,

413 1139 675 1204 VVidmer,
691 1139 1479 1210 Zalka,Perger,Biro,Kovacs‚
1490 1140 2042 1205 Bonna2,K1-ement2,
2058 1140 2468 1212 Stepischnegg,

413 1215 742 1279 Beckmann,
771 1214 953 1267 Abbas
980 1215 1204 1279 Zeidler,
1233 1215 1508 1279 Pukalski‚
1537 1215 1783 1280 VVahala,
1812 1215 2072 1278 Ketteler,
2098 1215 2468 1279 Baranowski,

414 1289 615 1360 Bosagi
646 1289 834 1356 (Arch.
864 1289 963 1358 Ep.
995 1289 1300 1342 Caesareen.
1333 1290 1366 1342 i.
1398 1310 1446 1359 p.
1478 1290 1532 1354 i.,
1574 1289 1904 1343 Generalabt
1938 1291 2032 1342 der
2060 1289 2470 1343 Mechitaristen

414 1365 471 1416 in
511 1365 725 1433 Wicn),
768 1363 982 1417 Vancsa
1022 1363 1209 1431 (Arch.
1251 1364 1350 1433 Ep.
1394 1364 1741 1435 Fogarasien.
1785 1364 1874 1417 rit.
1917 1365 2109 1434 rum.),
2151 1363 2470 1417 Jekelfalusi

416 1439 539 1508 (Ep.
582 1438 725 1491 Alba
750 1439 1027 1510 Regalen.,
1070 1437 1642 1508 Stuhlweissenburg),
1684 1439 1877 1491 Greith
1920 1438 2041 1507 (Ep.
2073 1437 2124 1492 S.
2157 1438 2468 1507 Callensis),

413 1513 604 1566 Hefele
660 1513 782 1582 (Ep.
843 1513 1395 1584 Rottenburgensis),
1462 1512 1622 1565 Mrak
1683 1514 1804 1583 (Ep.
1866 1513 2347 1582 Marianopolitan.
2411 1524 2466 1567 et

414 1588 800 1658 Marquetten.‚
842 1588 976 1642 Saut
1016 1588 1185 1641 Santa
1224 1587 1400 1640 Maria
1439 1591 1493 1641 et
1532 1587 1841 1658 Marquette
1879 1588 1938 1640 in
1977 1587 2297 1658 Michigan).

416 1923 483 1993 C.
506 1920 922 2009 Vorstellung
950 1922 1063 1988 der
1092 1920 1565 1989 franzosischen
1595 1919 1896 1989 Bischofe
1925 1945 2006 1987 an
2029 1919 2094 1995 S,
2117 1920 2465 2010 Heiligkeit

557 2079 705 2126 vom
770 2054 881 2122 12.
937 2054 979 2123 J
982 2079 1184 2123 anuar
1248 2051 1462 2137 1870,
1520 2054 1622 2123 die
1679 2053 2100 2122 lnfallibilitat
2152 2056 2312 2123 betr.

415 2298 455 2342 d·
516 2237 802 2342 SWtGSfflffiCh
849 2236 1181 2294 gleichlautend
1228 2236 1311 2280 mit
1370 2236 1446 2280 der
1491 2234 2140 2286 osterreichisch-deutschen3
2190 2248 2272 2277 nur
2319 2232 2466 2276 fehleu

445 2313 484 2342 1e
548 2314 573 2342 a
599 2313 669 2342 ze:

565 2395 845 2448 Caeterum
899 2398 1066 2464 prout
1115 2413 1234 2447 cum
1287 2394 1436 2447 omni
1487 2393 1726 2446 Ecclesia
1775 2391 2054 2445 Catholica
2101 2390 2465 2444 Bellarminus
2537 2423 2543 2429 -

414 2471 641 2523 effatur:
725 2469 1122 2522 «Definitiones
1172 2469 1238 2521 de
1292 2469 1396 2521 fide
1454 2468 1690 2537 pendent
1738 2467 2025 2535 praecipue
2066 2483 2130 2518 ex
2169 2464 2466 2518 traditione

413 2545 712 2613 apostolica
754 2548 809 2598 et
835 2561 1101 2596 consensu
1129 2543 1526 2595 Ecclesiarum»
1556 2545 1611 2594 et
1637 2541 1878 2610 quumvis
1905 2540 1971 2592 ad
1998 2539 2170 2593 totius
2198 2538 2467 2592 Ecclesiae

414 2619 742 2672 sententiam
769 2617 1194 2688 cognoscendam
1222 2616 1472 2685 Synodus
1516 2615 1834 2667 universalis
1862 2614 2230 2667 brevissimam
2256 2616 2465 2665 sternat

412 2693 572 2758 viam,
614 2697 797 2746 tamen
835 2712 867 2744 a
898 2691 1236 2744 nobilissimo
1262 2690 1523 2754 Concilio,
1565 2689 1709 2758 quod
1735 2689 1974 2757 apostoli
2002 2706 2121 2740 cum
2161 2686 2465 2739 senioribus

413 2767 791 2822 Hierosolimis
817 2767 1145 2828 habuerunt,
1186 2764 1488 2818 Nicaenum
1528 2781 1695 2832 usque
1734 2780 1942 2815 errores
1981 2761 2256 2813 innumeri
2282 2761 2466 2813 Eccle-

413 2842 615 2894 siarum
667 2840 1083 2911 particularium
1135 2839 1496 2892 decisionibus
1543 2836 1865 2891 successoris
1906 2835 1958 2890 S.
1999 2834 2150 2888 Petri
2188 2835 2466 2904 totiusque

415 2916 684 2970 Ecclesiae
711 2934 977 2970 consensu
1002 2914 1315 2984 adprobatis
1342 2912 1624 2983 profligati
1651 2915 1706 2965 et
1731 2910 1962 2964 extincti
1987 2913 2132 2963 sunt.
2175 2909 2465 2962 Indubium

414 2994 515 3055 est,
569 2991 712 3060 quod
752 3008 938 3044 omnes
977 2989 1183 3042 Christi
1220 2988 1401 3041 fideles
1442 2986 1594 3040 Sedis
1631 2985 1979 3054 Apostolicae
2018 2983 2247 3037 decretis
2285 3001 2462 3036 veram
2547 2989 2554 2997 '

417 3065 774 3119 obedientiam
820 3065 1079 3128 debeant,
1134 3063 1356 3132 insuper
1408 3061 1610 3115 eruditi
1658 3059 1842 3129 piique
1891 3058 1997 3110 viri
2047 3058 2270 3122 docent,
2327 3075 2463 3126 quae

419 3137 667 3192 Summus
707 3138 963 3192 Pontifex
1012 3137 1076 3191 de
1126 3137 1230 3190 fide
1267 3136 1616 3205 moribusque
1653 3151 1718 3186 ex
1757 3133 2026 3186 Cathedra
2065 3133 2292 3202 loquens
2335 3150 2464 3185 con-

419 3211 647 3276 stituat,
714 3213 877 3266 etiam
939 3213 1139 3282 absque
1202 3211 1567 3264 Ecclesiarum
1631 3226 1896 3262 consensu
1960 3206 2463 3277 quomodocumque

416 3286 786 3343 demonstrato
843 3285 1246 3356 irrefragabilia
1301 3304 1431 3338 esse.
1509 3283 1775 3338 Attamen
1812 3281 2030 3335 silentio
2070 3298 2312 3350 premere
2350 3298 2461 3332 non

415 3360 558 3423 licet,
596 3378 786 3430 graves
824 3361 1178 3414 nihilominus
1217 3377 1494 3429 superesse
1533 3356 1882 3412 difficultates
1921 3374 1985 3409 ex
2022 3354 2245 3409 Patrum
2273 3354 2458 3408 Eccle—

419 3434 526 3489 siae
552 3433 713 3486 dictis
745 3435 1035 3504 gestisque,
1074 3433 1328 3506 genuinis
1352 3433 1615 3487 historiae
1638 3431 1975 3485 documentis
1999 3433 2055 3484 et
2075 3429 2192 3500 ipsa
2212 3428 2462 3483 doctrina

535 3622 553 3650 ¹
583 3622 800 3670 Officielle
831 3623 1136 3671 Aktenstiicke
1165 3639 1219 3670 zu
1247 3625 1346 3670 dem
1371 3658 1406 3670 ..
1425 3659 1435 3670 .
1469 3625 1538 3668 ok.
1573 3621 1734 3668 Concil.
1797 3621 1952 3666 Berlin
1994 3622 2107 3665 1869
2127 3642 2179 3652 —
2199 3622 2256 3665 70
2290 3620 2355 3674 11,
2401 3620 2458 3664 68
2600 3652 2612 3680 -;

415 3685 515 3732 sind
543 3685 613 3731 die
646 3683 1002 3732 Unterschriften
1030 3684 1165 3731 theils
1195 3685 1437 3743 unrichtig,
1468 3684 1604 3729 theils
1634 3679 1967 3739 unvollstiindig
1997 3678 2272 3738 angegeben.
2564 3691 2612 4062 i
