2612 4062
2151 310 2253 363 119

214 457 299 510 sui
337 460 391 510 et
431 455 712 509 ordinatos
752 456 817 508 ab
858 456 954 508 illo
995 455 1194 509 iterum
1227 456 1390 527 jussit
1438 455 1696 532 ordinari.
1776 455 1970 510 Postea
2017 451 2261 511 Joannes

211 531 304 584 IX.
346 531 589 583 irritavit
627 534 748 582 acta
788 529 1050 598 Stephani
1090 531 1185 584 VI.
1239 535 1293 584 et
1339 531 1666 600 approbavit
1717 534 1837 584 acta
1876 529 2142 584 Formosi.
2185 562 2254 572 —-

210 605 380 658 Paulo
422 608 546 673 post
587 603 806 674 Sergius
829 604 927 656 III.
968 605 1164 657 iterum
1204 605 1447 658 irritavit
1485 609 1606 658 acta
1627 604 1892 668 Formosi‚
1933 608 1988 658 et
2025 605 2255 674 proinde

211 680 373 733 etiam
407 678 653 740 Joannis,
695 682 749 731 et
789 680 1114 747 approbavit
1153 684 1273 732 acta
1295 679 1570 748 Stephani.
1648 679 1797 750 Ergo
1827 678 2134 748 Stephanus
2156 678 2252 733 VI.

213 758 267 807 et
308 753 528 824 Sergius
568 752 668 805 ΙΙΙ.
710 757 1028 806 erraverunt
1081 754 1140 805 in
1190 755 1335 807 facto
1387 753 1644 817 solemni,
1706 754 1848 823 quod
1900 755 2255 824 conjunctum

211 828 442 881 habebat
481 845 706 879 errorem
747 829 804 879 in
844 829 1114 893 doymafe:
1165 829 1380 881 ordines
1421 847 1601 881 sacros
1641 829 1707 880 ab
1749 828 2021 898 Episcopo
2062 847 2251 882 conse·

209 906 358 954 erato
399 906 452 954 et
504 902 794 954 secundum
846 902 1074 954 formam
1126 902 1380 955 Ecclesiae
1435 903 1662 955 collatos
1732 906 1959 972 propter
2016 903 2253 972 aliquam

208 995 480 1030 censuram
534 976 618 1028 vel
656 977 1095 1046 degradationem
1136 995 1247 1029 esse
1298 977 1582 1029 invalidos.
1661 976 1898 1046 Legatur
1937 975 2148 1030 Auxilii
2188 973 2274 1031 de‘

208 1050 489 1104 ordinibus
549 1070 578 1102 a
618 1050 877 1103 Formoso
919 1050 1064 1119 Papa
1118 1052 1276 1104 factis
1327 1052 1421 1103 lib.
1464 1052 1534 1103 L:
1595 1055 1648 1104 et
1704 1051 1966 1121 Dialogus
2019 1051 2113 1120 qui
2164 1052 2250 1105 in-

206 1125 492 1178 scribitur:
540 1125 787 1191 Infensor
825 1130 872 1177 et
911 1125 1174 1191 Defensor
1215 1125 1450 1195 (Migne,
1504 1129 1636 1178 tom.
1687 1127 1829 1194 129).
1908 1124 1961 1177 Is
2015 1144 2181 1194 quum
2220 1146 2251 1180 a

205 1199 464 1252 Formoso
526 1199 672 1268 Papa
731 1200 1012 1252 ordinatus
1073 1205 1127 1253 et
1183 1219 1214 1252 a
1272 1199 1460 1269 Sergio
1520 1199 1619 1252 III.
1688 1199 2035 1252 exordinatus
2094 1205 2248 1266 esset,

205 1292 417 1326 causam
456 1293 605 1326 suam
645 1278 698 1327 et
739 1275 1076 1327 validitatem
1135 1274 1542 1327 ordinationum
1593 1293 1623 1326 a
1674 1274 1933 1327 Formoso
1981 1274 2251 1328 factarum

204 1348 530 1401 auctoritate
594 1349 917 1401 universalis
977 1349 1230 1401 Ecclesiae
1300 1349 1611 1402 traditionis
1683 1353 1902 1402 strenue
1973 1349 2246 1414 defendit:

202 1423 437 1475 valorem
498 1423 821 1475 sacramenti
879 1443 993 1476 non
1040 1443 1070 1476 a
1121 1423 1414 1476 sanctitate
1472 1423 1554 1474 vel
1608 1423 1711 1475 fide
1749 1423 2020 1485 ministri,
2083 1425 2174 1476 sed
2215 1444 2246 1477 a

206 1497 439 1560 Christo,
484 1498 634 1550 cuius
674 1498 890 1550 nomine
942 1501 995 1550 et
1043 1500 1368 1550 auctoritate
1407 1497 1524 1566 agit
1564 1498 1826 1560 sacerdOS,
1887 1498 2141 1564 pendere;
2203 1499 2249 1551 si

205 1572 377 1624 omnis
419 1571 692 1624 ordinatio
733 1591 762 1623 a
808 1572 1062 1624 Formoso
1103 1572 1350 1640 profecta
1388 1590 1535 1624 cassa
1576 1575 1740 1634 esset,
1781 1571 1957 1624 Italiae
1995 1572 2247 1642 regiones

202 1646 366 1715 longe
424 1647 639 1715 lateque
709 1648 847 1715 «jam
915 1647 1129 1699 circiter
1194 1646 1397 1716 viginti
1455 1665 1628 1698 annos
1685 1647 1886 1714 absque
1950 1646 2248 1700 christiana

201 1720 481 1789 religione,
523 1722 723 1790 absque
763 1721 1094 1784 sacerdotio,
1136 1722 1335 1789 absque
1389 1721 1737 1772 sacramentis
1792 1720 2082 1773 vixerint.»
2162 1720 2248 1774 Ibi

203 1792 268 1861 (c.
317 1800 397 1846 18.
440 1794 679 1864 Dialog.)
732 1796 1059 1863 proclamat,
1115 1795 1258 1864 quod
1309 1795 1619 1863 pastoribus
1672 1795 1876 1863 injusta
1927 1795 2246 1864 jubentibus

199 1887 310 1921 non
351 1869 423 1921 sit
463 1869 845 1930 obediendum;
906 1870 1047 1938 quod
1100 1869 1584 1922 excommunicatio
1644 1870 1756 1921 eius
1811 1869 1889 1920 rei
1930 1887 2088 1921 causa
2130 1875 2247 1923 tota

199 1943 349 1994 nulla
388 1943 692 2007 haberetur,
735 1945 898 1996 verba
938 1944 1058 1996 illa:
1101 1962 1436 2011 quaeeunque
1476 1944 1863 2010 cdlivceyeritis;
1903 1962 2240 2010 quaecunque

198 2018 463 2070 solveritis
501 2022 600 2070 etc.
644 2018 924 2071 verissima
963 2037 1104 2081 esse,
1154 2019 1440 2071 dummodo
1495 2018 1787 2070 secundum
1843 2018 2243 2071 ordinationem

208 2091 414 2145 Christi
453 2096 507 2145 et
558 2112 671 2145 non
709 2093 817 2146 alio
857 2094 1015 2146 modo
1058 2094 1303 2146 solvatur
1345 2097 1398 2145 et
1438 2093 1666 2162 ligetur;
1723 2092 1869 2160 quod
1921 2092 2063 2144 aliud
2119 2098 2247 2147 sunt

203 2167 542 2235 pontificales
601 2167 766 2230 sedeS,
826 2168 972 2219 aliud
1018 2167 1407 2229 Praesidentes3
1469 2167 1612 2235 quod
1670 2167 1846 2219 honor
1899 2170 1952 2219 et
2005 2166 2246 2236 dignitas

203 2241 625 2310 uniuscuiusque
671 2242 810 2293 sedis
857 2243 1237 2294 venerabiliter
1286 2241 1616 2294 observanda
1675 2244 1828 2302 sunt;
1888 2239 2245 2295 Praesidentes

202 2319 404 2378 autem,
448 2316 494 2368 si
533 2316 883 2378 deviaverint,
925 2335 1020 2384 per
1062 2317 1215 2368 devia
1255 2315 1508 2384 sequendi
1548 2335 1660 2368 non
1700 2318 1857 2377 sunt,
1905 2315 2009 2367 hoc
2059 2319 2156 2378 est,
2200 2316 2245 2368 si

204 2394 395 2442 contra
450 2390 633 2452 fidem,
701 2391 786 2442 vel
838 2391 1157 2443 catholicam
1206 2390 1527 2460 religionem
1583 2408 1741 2459 agere
1801 2389 2078 2458 coeperint.
2158 2389 2245 2443 Ita

201 2464 525 2532 loquebatur
565 2464 628 2516 de
669 2463 943 2533 Stephano
986 2468 1040 2517 et
1081 2464 1298 2534 Sergio,
1360 2464 1452 2533 qui
1494 2468 1685 2516 contra
1726 2464 2046 2516 catholicam
2085 2464 2244 2517 fidem

201 2542 254 2590 et
295 2538 610 2607 religionem
663 2539 836 2590 valide
893 2539 1170 2592 ordinatos
1223 2538 1644 2599 reordinabant,
1707 2542 1760 2591 ct
1808 2538 1987 2590 omnia
2040 2538 2099 2590 in
2140 2539 2242 2591 Ec-

202 2612 360 2664 clesia
387 2612 486 2664 Dei
513 2613 931 2681 permiscebant:
974 2619 1029 2666 et
1056 2614 1449 2666 concludebant
1489 2632 1585 2665 suo
1615 2616 1668 2665 et
1696 2612 1966 2665 sociorum
1995 2612 2239 2665 nomine:

205 2686 468 2755 «Ideoque
507 2688 564 2739 in
605 2706 754 2740 sacro
797 2688 1009 2751 ordine,
1071 2707 1176 2756 quo
1232 2688 1532 2740 consecrati
1572 2706 1782 2750 sumus,
1846 2691 2239 2755 permanenteS,

199 2761 577 2829 praestolamur
629 2762 950 2814 universalis
1011 2761 1239 2814 Concilii
1297 2762 1659 2831 aequissimum
1709 2779 1960 2823 examen,
2020 2766 2240 2813 auctore

200 2835 325 2898 illo,
380 2835 446 2887 ad
497 2854 655 2905 quem
713 2837 1004 2889 clamantes
1060 2836 1312 2888 dicimus:
1375 2836 1598 2902 Exurye
1650 2835 1904 2897 Domine,
1962 2839 2010 2886 et
2044 2836 2241 2901 judica

201 2926 417 2962 causam
444 2927 624 2962 meam.
688 2909 790 2977 (De
825 2910 1116 2963 Ordinibus
1147 2929 1260 2979 cap.
1293 2911 1402 2979 40).
1465 2910 1578 2972 Qua
1609 2909 1976 2961 obstinatione
2004 2908 2240 2964 Joamzes

201 2982 396 3035 XXII.
438 2984 486 3036 ei
516 2985 811 3038 *sententiae
850 2985 1095 3037 addictus
1135 2987 1298 3046 esset,
1360 3003 1477 3053 quae
1518 2983 1770 3046 docebat,
1831 2983 2036 3035 animas
2077 2984 2238 3037 etiam

199 3062 457 3128 purgatas
515 3059 734 3112 nonnisi
785 3063 911 3128 post
962 3059 1414 3111 resurrectionem
1472 3057 1730 3109 intuitive
1777 3056 1950 3108 Deum
2006 3057 2233 3123 visuraS,

201 3136 334 3200 quot
373 3133 630 3186 clamores
671 3133 1002 3196 excitaverit,
1064 3151 1195 3201 quas
1234 3134 1421 3185 turbas
1461 3132 1519 3183 in
1562 3130 1801 3183 Ecclesia
1838 3130 1939 3183 Dei
1986 3133 2234 3197 moverit,

197 3209 430 3258 testatur
469 3207 715 3271 historia,
757 3226 873 3276 quae
914 3211 968 3260 et
1007 3207 1145 3258 illud
1185 3211 1442 3269 testatur,
1499 3224 1656 3275 quam
1698 3205 1918 3259 fortiter
1958 3205 2238 3261 Gallicana

199 3279 418 3332 ecclesia
457 3281 696 3350 antiquae
723 3282 848 3334 fidei
874 3287 1038 3334 tenax
1076 3281 1359 3333 restiterit.
1438 3279 1518 3332 De
1545 3280 1647 3332 hoc
1671 3279 1706 3332 J
1709 3298 1884 3332 oanne
1923 3280 2000 3334 ait
2026 3281 2235 3334 Bellar-

199 3354 405 3405 minus:
469 3353 769 3407 «Joannem
807 3355 980 3407 XXII.
1036 3373 1222 3407 revera
1273 3354 1532 3418 sensisse,
1593 3354 1798 3406 animas
1855 3374 1968 3407 non
2024 3356 2233 3409 visuras

199 3427 373 3479 Deum
412 3427 520 3479 nisi
558 3433 686 3495 post
721 3430 1185 3482 resurrectionem.
1265 3428 1528 3480 Caeterum
1568 3429 1671 3481 hoc
1709 3429 1955 3492 sensisse,
2017 3431 2231 3499 quando

199 3501 373 3553 adhuc
411 3501 514 3553 hoc
566 3502 768 3555 sentire
819 3504 1016 3556 licebat
1073 3503 1187 3554 sine
1229 3502 1468 3570 periculo
1526 3502 1819 3567 haereseos,
1880 3504 2031 3556 nulla
2088 3504 2232 3556 enim

198 3575 372 3627 adhuc
426 3581 772 3643 praecesserat
828 3577 1082 3630 Ecclesiae
1141 3576 1403 3628 definitio.
1493 3576 1684 3630 Voluit
1747 3581 1928 3630 autem
1990 3577 2230 3631 Joannes

199 3648 552 3718 quaestionem
590 3649 829 3714 definire,
871 3652 961 3704 sed
1000 3651 1125 3702 dum
1163 3651 1337 3702 adhuc
1362 3649 1420 3702 in
1449 3652 1845 3720 praeparatione
1873 3655 1928 3704 et
1955 3652 2230 3704 consulta-

196 3722 441 3781 tionibus
479 3727 801 3792 versaretur,
853 3728 1100 3780 mortuus
1140 3728 1272 3780 est.»
1351 3723 1500 3799 Ergo
1552 3726 1618 3780 ad
1671 3745 1757 3781 eas
1809 3726 2089 3799 angustias
2127 3726 2232 3782 Ec·-
