2612 4062
2147 312 2247 367 121

208 477 239 512 a
278 476 598 529 quacunque
638 456 1039 527 cooperatione,
1081 477 1112 512 a
1151 477 1481 530 quocunque⁸
1513 477 1616 513 con
1645 477 1778 512 ensu
1816 457 2086 523 Ecclesiae,
2139 459 2256 514 sive'

205 533 557 587 antecedente
596 532 707 585 sive
746 532 1145 588 concomitante
1183 534 1294 587 sive
1321 535 1702 605 subsequente3
1743 533 2089 597 dificultateS,
2131 552 2250 603 quae

207 611 469 670 petuntur
520 625 584 659 ex
637 606 769 675 ipsis
810 605 1139 676 ScripturiS,
1205 609 1264 661 in
1322 627 1377 661 se
1428 612 1482 661 et
1539 609 1834 662 secundum
1893 607 2252 662 universalem

205 682 458 736 Ecclesiae
484 680 839 734 traditionem
866 681 1174 747 intellectiS,
1212 699 1328 752 quae
1353 683 1565 746 docent,
1595 701 1900 752 supremam
1924 685 2253 752 potestatem

206 757 521 810 collocatam
573 755 739 808 fuisse
789 774 820 807 a
861 755 1075 809 Christo
1129 757 1186 809 in
1227 757 1454 827 collegio
1494 756 1918 826 Apostolorum,
1972 757 2031 809 in
2083 757 2250 811 choro

204 831 616 900 Episcoporum,
647 830 941 882 eorundem
963 850 1348 895 successorum,
1378 831 1529 884 cuius
1552 836 1730 901 caput,
1760 831 1912 884 cuius
1936 832 2252 901 coryphaeus

205 906 430 958 debebat
487 923 599 957 esse
652 903 849 957 Petrus
901 909 956 957 et
1003 905 1157 958 Rom.
1199 905 1480 970 Pontifex,
1539 909 1594 959 et
1645 906 1774 960 huic
1827 905 2059 975 collegio
2100 904 2252 975 Apo-

206 980 490 1042 stolorum,
531 979 658 1031 huic
699 978 864 1031 choro
904 978 1303 1048 Episcoporum
1342 981 1646 1050 gubernato
1698 999 1730 1032 a
1767 980 1923 1034 Rom.
1966 980 2250 1045 Pontifice,

207 1055 380 1107 factas
422 1071 534 1106 esse
574 1052 990 1122 promissiones3
1033 1054 1387 1108 difficultates
1428 1073 1492 1106 ex
1529 1053 1815 1119 Patribus,
1871 1055 1964 1124 qui
2002 1073 2114 1108 non
2153 1074 2252 1126 ag-

205 1131 444 1181 noscunt
479 1145 653 1197 neque
692 1128 1022 1196 profitentur
1062 1129 1219 1181 aliam
1261 1129 1506 1199 regulam
1531 1129 1672 1193 fidei,
1714 1129 1820 1182 nisi
1846 1129 2100 1182 Ecclesiae
2128 1130 2251 1182 uni-

202 1218 368 1255 versae
395 1201 744 1272 suffragium3
786 1202 1140 1256 difficultates
1168 1222 1231 1255 ex
1260 1202 1532 1267 ConciliiS,
1575 1221 1694 1272 quae
1720 1204 1940 1256 eandem
1966 1204 2255 1257 veritatem

203 1277 544 1346 proclamant
599 1280 652 1329 et
693 1277 905 1329 decreta
944 1281 1250 1331 retractant
1303 1281 1423 1330 tot-a
1477 1282 1679 1330 sanctae
1730 1278 1869 1330 sedis
1921 1278 2253 1331 auctoritate

203 1351 361 1413 edita,
402 1369 546 1403 novo
586 1369 821 1419 veroque
862 1351 1097 1404 examini
1137 1356 1191 1405 et
1231 1352 1478 1420 synodali
1501 1352 1704 1420 judicio
1733 1352 2064 1422 subjiciunt3
2104 1353 2252 1405 diffi-

203 1426 432 1478 cultates
471 1444 535 1477 ex
574 1425 691 1494 ipsa
729 1427 864 1477 bene
906 1427 1154 1480 consulta
1192 1426 1421 1490 ratione,
1465 1442 1581 1495 quae
1607 1426 1780 1490 docet,
1822 1430 2038 1479 tantum
2076 1427 2249 1495 privi-

202 1500 420 1569 legium,
462 1500 619 1568 quale
659 1503 739 1552 est
778 1500 1161 1564 infallibilitas,
1203 1500 1288 1551 illi
1335 1501 1574 1568 subjecto
1622 1501 2021 1552 concedendum
2063 1501 2248 1564 fuisse,

202 1592 265 1626 ex
304 1593 410 1643 quo
452 1593 570 1626 cum
597 1574 872 1626 ordinaria
900 1573 1135 1642 Spiritus
1162 1574 1335 1627 sancti
1362 1574 1675 1627 assistentia
1702 1575 1874 1627 veluti
1903 1576 2248 1628 connaturali

202 1648 360 1700 modo
403 1652 715 1718 exurgeret,
778 1652 831 1700 et
884 1648 1079 1700 divinae
1127 1649 1406 1717 sapientiae
1446 1667 1558 1700 non
1611 1649 1924 1711 convenire,
1981 1649 2248 1702 eiusmodi

203 1722 488 1774 infallibile
529 1722 900 1792 magisterium
942 1724 1290 1785 constituere,
1333 1723 1491 1791 quod,
1553 1741 1670 1775 cum
1711 1723 1875 1775 unius
1915 1726 2135 1776 tantum
2174 1723 2251 1777 sit

204 1796 582 1866 praerogativa,
626 1797 866 1848 omnium
893 1797 1124 1850 aliorum
1146 1797 1404 1866 judicum,
1448 1816 1582 1866 quos
1623 1797 1740 1866 ipsa
1767 1797 1952 1849 divina
1979 1797 2250 1866 sapientia

202 1871 507 1934 constituit,
549 1871 857 1924 libertatem
897 1876 951 1924 et
987 1872 1373 1924 auctoritatem
1425 1871 1685 1935 violaret,
1740 1875 1793 1925 et
1845 1890 1956 1924 non
2011 1872 2118 1925 nisi
2156 1891 2252 1941 per

202 1946 519 1998 continuum
556 1945 878 1997 miraculum
919 1946 1228 1998 conservari
1266 1949 1475 2014 posset;
1518 1946 1845 1999 dificultates
1887 1965 1950 1997 ex
1987 1965 2066 2009 eo,
2109 1947 2251 2015 quod

201 2039 312 2072 non
354 2019 427 2072 sit
451 2020 604 2072 valde
632 2020 901 2082 credibile,
933 2020 1208 2073 Christum
1249 2021 1400 2073 illam
1427 2021 1767 2088 personalem
1794 2021 2249 2074 infallibilitatem

202 2093 524 2154 instituisse,
567 2112 686 2163 quae
725 2094 771 2146 si
797 2095 1163 2147 declararetur
1204 2099 1256 2147 et
1297 2095 1634 2157 definiretur,
1677 2095 1804 2146 dum
1844 2113 1907 2146 ex
1947 2114 2055 2146 una
2097 2099 2252 2163 parte

202 2168 341 2219 nihil
381 2168 640 2221 utilitatis
682 2170 923 2231 afferret,
986 2188 1102 2221 cum
1145 2169 1250 2220 viri
1292 2169 1547 2221 catholici
1587 2169 1718 2220 adeo
1776 2173 1961 2221 centro
2021 2170 2251 2222 unitatis

204 2243 482 2311 conjuncti
522 2243 647 2306 sint,
687 2246 841 2295 tanta
883 2243 1187 2295 obedientia
1227 2243 1389 2295 matri
1429 2243 1663 2294 ecclesiae
1693 2242 1950 2295 Romanae
1978 2244 2248 2307 obediant,

206 2320 268 2369 ut
307 2316 434 2384 quid
476 2317 645 2386 magis
687 2317 959 2385 expectari
999 2317 1174 2386 possit
1213 2335 1326 2369 non
1366 2321 1643 2385 appareat,
1687 2335 1807 2369 cum
1846 2318 1959 2370 haec
2013 2317 2142 2370 unio
2195 2321 2248 2371 et

203 2390 507 2443 obedientia
547 2410 606 2442 eo
649 2391 720 2443 sit
760 2391 990 2461 dignior,
1046 2410 1152 2459 quo
1194 2392 1372 2443 minus
1429 2395 1612 2443 coacta
1653 2395 1705 2443 et
1746 2392 1916 2461 magis
1970 2392 2140 2444 libera
2190 2410 2251 2444 ac

207 2465 422 2528 devota,
479 2469 532 2517 et
574 2483 637 2516 ex
692 2465 798 2516 alia
838 2469 992 2533 parte
1038 2484 1266 2535 magnos
1328 2465 1573 2517 turbines
1630 2470 1886 2529 exctaret,
1947 2466 2247 2518 Ecclesiam

200 2542 374 2591 totam
432 2539 643 2609 magnis
698 2540 1109 2608 tempestatibus
1166 2543 1503 2602 concuteret,
1546 2543 1721 2592 nutan
1754 2541 1873 2592 ibus
1915 2544 1968 2593 et
2016 2540 2250 2593 infirmis

205 2613 484 2665 catholicis
526 2616 654 2683 (quo
697 2631 920 2666 numero
961 2614 1193 2665 maxima
1250 2633 1376 2682 pars
1430 2632 1616 2666 eorum
1655 2614 1832 2678 venit,
1875 2615 1970 2683 qui
2009 2615 2249 2668 scientiis

207 2686 339 2740 dant
392 2706 609 2756 operam
664 2691 717 2740 et
765 2688 910 2740 docti
951 2689 1238 2757 vocantur)
1280 2688 1484 2740 ultimae
1535 2688 1712 2740 ruinae
1762 2707 1918 2740 causa
1973 2689 2246 2752 existeret,

205 2765 258 2813 et
297 2761 439 2814 inter
479 2781 578 2814 nos
619 2766 673 2814 et
713 2762 963 2814 ecclesias
1004 2781 1187 2814 omnes
1229 2762 1614 2826 schismaticaS,
1654 2762 1798 2815 inter
1838 2781 1937 2814 nos
1978 2766 2029 2814 et
2056 2762 2249 2815 Prote-

205 2838 412 2888 stantes
451 2839 505 2888 et
545 2837 874 2889 acatholicos
916 2855 1099 2888 omnes
1139 2855 1353 2888 murum
1395 2839 1612 2888 aeternae
1662 2836 1943 2889 divisionis
1995 2836 2246 2905 erigeret.

205 2908 337 2961 Cum
395 2910 538 2961 enim
593 2912 823 2962 maxima
884 2911 1206 2974 difficultas,
1267 2914 1328 2962 ut
1384 2909 1790 2971 ProtestanteS,
1848 2910 2246 2975 Rationalistae,

203 2982 351 3035 docti
391 2987 489 3036 6150.
532 2985 590 3036 111
629 2985 922 3038 Ecclesiam
963 2985 1284 3037 catholicam
1324 2983 1722 3053 ingrediantur,
1765 2984 1860 3035 illa
1899 2984 1987 3046 sit,
2043 2987 2106 3037 ut
2144 2984 2248 3036 Ec-

204 3057 376 3109 clesiae
415 3057 759 3110 infallibilem
798 3059 1183 3111 auctoritatem
1221 3064 1639 3127 recognoscant,
1692 3058 1910 3127 eiusque
1963 3058 2248 3111 infallibili

203 3131 514 3200 magisterio
554 3136 674 3185 tota
712 3133 911 3186 mentis
952 3132 1256 3184 adhaesione
1296 3136 1350 3184 et
1390 3131 1565 3183 cordis
1606 3131 1892 3184 devotione
1931 3151 2047 3185 sese
2075 3133 2246 3202 subji-

203 3205 365 3267 ciant,
408 3205 527 3274 quis
566 3224 678 3259 non
717 3207 911 3271 videat,
953 3207 1072 3275 quis
1099 3225 1210 3258 non
1239 3206 1454 3269 sentiat,
1497 3205 1636 3256 hanc
1663 3205 2045 3259 difficultatem
2072 3207 2247 3260 veluti

204 3278 262 3330 111
301 3279 621 3331 immensum
669 3280 884 3350 augeri,
937 3281 981 3333 si
1041 3299 1152 3332 non
1211 3279 1443 3348 amplius
1483 3278 1740 3332 Ecclesiae
1802 3280 2066 3333 universae
2119 3300 2245 3334 auc-

205 3353 489 3405 torit-atem
553 3354 642 3405 sed
711 3355 872 3407 unius
942 3354 1097 3406 Rom.
1157 3353 1441 3406 Pontificis
1514 3354 1762 3406 totaliter
1832 3354 2246 3424 independentis

204 3428 488 3495 personale
521 3427 800 3495 judicium,
843 3432 898 3481 et
935 3428 1179 3497 regulam
1217 3427 1341 3479 fidei
1381 3426 1607 3479 debeant
1648 3428 1861 3481 credere
1886 3433 1940 3482 615
1967 3430 2242 3498 profiteri;

206 3517 326 3552 cum
365 3505 546 3554 autem
586 3501 729 3554 Deus
788 3502 969 3554 omnia
1028 3501 1266 3554 suaviter
1306 3500 1583 3568 disponat,
1645 3521 1743 3555 nec
1799 3503 2085 3572 permittat
2143 3521 2242 3555 nos

206 3574 410 3626 tentari
449 3594 614 3643 supra
654 3575 725 3638 id,
768 3576 911 3644 quod
950 3594 1252 3644 possunmS,
1295 3593 1407 3626 non
1446 3578 1544 3640 est,
1585 3579 1648 3630 ut
1685 3577 1820 3642 dixi,
1876 3578 2032 3630 valde
2072 3576 2242 3629 credi-

204 3646 328 3711 bile,
371 3648 630 3701 eiusmodi
669 3648 1120 3703 infallibilitatem
1159 3647 1482 3701 instituisse.

353 3719 439 3798 Ad
480 3722 828 3779 difficultates
866 3724 1085 3779 tandem
1123 3741 1188 3797 ex
1215 3722 1445 3779 historia
1473 3727 1528 3780 et
1554 3742 1618 3799 ex
1643 3724 1822 3790 factis,
1866 3723 1994 3797 quid
2014 3723 2238 3812 dicent?
