2722 4146
471 257 539 309 60

462 402 667 474 judicio
707 402 767 455 in
803 401 1148 456 oecumenicis
1186 401 1410 470 synodis
1471 401 1758 454 secundum
1811 402 2164 471 apostolicam
2205 406 2259 456 et
2297 403 2514 458 univer-

467 479 634 530 salem
672 476 938 530 universae
976 475 1234 528 Ecclesiae
1273 475 1626 529 traditionem
1664 476 1857 546 subjici
1904 477 2260 541 consuevisse,
2315 481 2378 532 ut
2425 479 2511 531 vel

466 551 753 604 secundum
808 551 1134 603 sententiam
1185 549 1340 603 Rom.
1390 549 1672 603 Pontificis
1722 569 1806 603 res
1866 551 2255 604 irretractabili
2305 552 2510 622 judicio

466 626 803 689 definiretur,
863 625 908 677 si
966 625 1147 676 eadem
1205 624 1476 678 sententia
1527 624 1680 678 Rom.
1723 624 2008 678 Pontificis
2066 626 2289 679 inventa
2345 626 2512 680 fuerit

466 699 800 769 Apostolicae
852 703 906 752 et
958 698 1254 751 universali
1304 699 1570 752 doctrinae
1610 699 1932 752 conformis:
1987 704 2049 753 ut
2087 701 2293 753 factum
2332 705 2413 754 est
2453 701 2509 753 in

465 774 737 843 Ephesina
777 778 832 827 et
872 773 1308 837 Chalcedonensi,
1351 778 1405 826 et
1445 777 1509 826 ut
1545 773 1842 826 videbimus
1881 775 1935 826 in
1978 778 2129 827 sexta
2169 778 2224 827 et
2263 775 2510 843 septima,

463 850 520 901 in
559 849 754 918 quibus
804 867 890 901 res
937 848 1159 900 definita
1217 848 1510 900 secundum
1568 848 1909 912 sententiam,
1970 867 2131 918 quam
2171 849 2511 913 CoelestinuS,

464 923 589 987 Le0,
631 922 919 985 Martinus,
962 921 1181 992 Agatho
1223 926 1277 975 et
1315 921 1624 975 Hadrianus
1665 924 2191 991 pronunciaverant3
2246 927 2311 977 ut
2349 923 2512 976 etiam

465 1003 658 1050 contra
696 997 1022 1050 sententiam
1063 997 1217 1049 Rom.
1261 996 1545 1050 Pontificis
1572 1015 1658 1050 res
1686 997 1881 1050 ultimo
1902 998 2106 1067 judicio
2135 997 2510 1060 dirimeretur;

465 1072 511 1124 si
551 1072 824 1124 sententia
864 1071 1017 1124 Rom.
1061 1071 1344 1124 Pontificis
1385 1072 1529 1124 forte
1579 1072 1908 1140 deprehensa
1947 1072 2139 1125 fuisset
2178 1071 2513 1141 Apostolicae

464 1151 518 1199 et
557 1146 851 1198 universali
891 1146 1154 1198 doctrinae
1193 1164 1304 1198 non
1346 1146 1689 1209 concordare,
1733 1150 1795 1199 ut
1834 1146 2037 1199 factum
2086 1150 2167 1199 est
2204 1147 2262 1198 in
2302 1147 2511 1215 synodo

465 1222 656 1290 quinta
696 1224 749 1273 et
789 1225 956 1284 sexta,
1013 1220 1071 1272 in
1112 1221 1309 1289 quibus
1364 1239 1448 1273 res
1489 1221 1714 1273 definita
1754 1224 1836 1273 est
1887 1224 2078 1274 contra
2119 1220 2510 1284 Constitutum,

464 1296 609 1365 quod
649 1295 958 1348 solemniter
998 1295 1238 1364 Vigilius
1279 1295 1535 1356 ediderat,
1577 1298 1631 1348 et
1671 1299 1861 1347 contra
1900 1295 2175 1363 epistolaS,
2226 1314 2358 1364 quas
2397 1295 2512 1347 Ho-

463 1370 654 1422 norius
682 1370 748 1421 ad
775 1368 1024 1439 Sergium
1047 1369 1736 1438 Constantinopolitanum,
1759 1369 1825 1421 ad
1848 1368 2047 1438 Cyrum
2068 1368 2511 1433 Alexandrinum,

462 1445 529 1496 ad
570 1443 939 1513 Sophronium
977 1444 1536 1512 Hierosolymitanum
1566 1443 1906 1497 Patriarchas
1946 1443 2230 1497 direxerat.
2295 1444 2380 1497 Et
2401 1445 2513 1513 jam

463 1519 781 1581 audivimuS,
824 1519 1093 1587 quomodo
1134 1519 1427 1570 secundum
1468 1519 1864 1571 confessionem
1904 1519 2109 1587 quintae
2149 1519 2344 1587 synodi
2369 1536 2514 1571 oecu-

466 1593 688 1646 menicae
746 1594 962 1646 soleant
1031 1593 1305 1662 generalia
1375 1592 1615 1645 Concilia
1685 1594 1887 1662 scripta
1950 1598 2006 1645 et
2087 1593 2380 1646 sententias
2451 1593 2514 1645 de

467 1668 569 1719 fide
610 1667 772 1720 etiam
810 1667 965 1720 Rom.
1007 1666 1337 1720 Pontificum
1375 1686 1486 1719 non
1526 1667 1844 1736 simpliciter
1884 1686 1980 1720 nec
2021 1668 2136 1720 sine
2160 1666 2513 1736 inquisitione

465 1742 782 1811 adprobare,
824 1742 915 1793 sed
956 1760 1016 1794 eo
1058 1745 1274 1794 tantum
1315 1745 1471 1809 pacto
1512 1746 1567 1794 et
1608 1741 1936 1804 conditione,
1986 1741 2033 1794 si
2071 1742 2166 1793 illa
2201 1741 2513 1794 invenerint

463 1817 521 1867 in
562 1816 810 1868 omnibus
851 1820 906 1868 et
944 1835 1038 1884 per
1079 1816 1260 1867 omnia
1285 1813 1619 1884 Apostolicae
1646 1820 1700 1869 et
1727 1815 2005 1867 catholicae
2031 1816 2293 1868 doctrinae
2320 1834 2512 1869 conso-

463 1909 609 1942 nare.
688 1889 814 1942 Non
855 1909 984 1959 ergo
1025 1889 1286 1959 Episcopi
1325 1890 1377 1942 in
1422 1890 1665 1942 conciliis
1704 1890 2044 1942 oecumenicis
2074 1891 2422 1957 conveniunt,
2451 1894 2511 1943 ut

464 1964 720 2017 Pontifici
761 1965 1041 2017 definienti
1079 1969 1340 2033 tanquam
1379 1964 1504 2033 puri
1546 1964 1821 2017 consilarii
1860 1964 2137 2027 assistant,
2179 1965 2270 2016 sed
2310 1968 2374 2017 ut
2399 1965 2513 2017 veri

456 2039 682 2108 judices,
724 2039 918 2108 quibus
958 2039 1017 2091 in
1056 2038 1452 2107 Apostolorum
1491 2058 1721 2107 persona
1759 2057 1884 2091 vera
1924 2043 1979 2091 et
2017 2039 2198 2091 divina
2230 2039 2510 2108 judicandi

462 2117 704 2182 potestas
745 2132 775 2164 a
816 2114 1032 2167 Christo
1075 2113 1273 2165 collata
1311 2117 1408 2165 est.

614 2187 687 2240 Et
736 2206 798 2239 ex
850 2188 986 2240 actis
1028 2187 1395 2240 Conciliorum
1444 2187 1893 2240 oecumenicorum
1931 2188 2217 2240 manifeste
2268 2194 2509 2256 apparet,

463 2280 579 2314 eam
618 2280 824 2330 semper
852 2262 1017 2315 fuisse
1045 2263 1204 2313 fidem
1232 2262 1496 2314 universae
1517 2261 1787 2325 Ecclesiae,
1817 2261 1982 2315 Petro
2011 2262 2226 2331 quidem
2253 2262 2510 2315 collatum

463 2337 628 2389 fuisse
665 2356 697 2388 a
737 2336 952 2390 Christo
993 2335 1352 2405 Apostolatus
1392 2336 1779 2405 principatum,
1821 2340 1884 2389 ut
1922 2336 2002 2389 ait
2053 2334 2104 2388 S.
2146 2336 2508 2406 AugustinuS,

465 2410 745 2479 ipsumque
802 2411 862 2462 in
919 2411 1224 2463 universam
1265 2411 1559 2463 Ecclesiam
1619 2411 1812 2463 habere
1856 2410 2255 2479 jurisdictionis
2296 2410 2510 2479 plenam

465 2489 821 2552 potestat-enm
876 2485 965 2537 sed
1017 2503 1275 2537 summam
1325 2485 1687 2547 auctoritatiS,
1754 2503 2063 2553 supremum
2119 2485 2508 2555 magisterium,

465 2558 719 2610 ultimum
752 2559 1016 2626 judicium
1057 2558 1381 2611 collocatum
1420 2558 1587 2610 fuisse
1625 2559 1893 2612 aChristo
1934 2559 1993 2611 in
2032 2559 2275 2612 unanimi
2314 2559 2510 2628 praedi-

467 2632 679 2685 catione
719 2637 773 2685 et
812 2632 1073 2702 suffragio
1115 2631 1269 2684 Rom.
1311 2631 1594 2684 Pontificis
1635 2650 1755 2683 cum
1794 2632 2145 2702 Episcopatu,
2204 2633 2263 2685 in
2311 2634 2510 2686 unione

466 2706 661 2776 capitis
693 2715 822 2759 ’cum
861 2706 1128 2758 membris,
1210 2703 1407 2772 (Mansi
1447 2710 1578 2758 tom.
1620 2705 1713 2758 IX.
1756 2724 1878 2776 pag.
1924 2710 2045 2760 369.
2088 2706 2210 2760 coll.
2256 2708 2401 2776 329.)

833 2872 1103 2931 Schisma
1154 2874 1208 2930 in
1254 2836 1437 2930 'causa
1484 2874 1658 2931 trium
1708 2870 2131 2949 capitulorum.

616 3004 748 3058 Cum
787 3003 1040 3074 Pelagius
1079 3002 1121 3055 I.
1164 3002 1451 3055 concilium
1491 3002 1744 3072 quintum
1781 3002 2121 3070 suscepisset,
2164 3002 2308 3072 quod
2335 3003 2508 3071 pluri-

467 3079 567 3131 bus
624 3079 908 3131 videbatur
978 3077 1466 3131 Chalcedonensem
1530 3077 1688 3129 fidem
1743 3080 1798 3130 et
1856 3074 1907 3129 S.
1968 3075 2164 3128 Leonis
2224 3077 2507 3145 epistolam

467 3152 770 3222 infregisse,
812 3153 1044 3205 schisma
1079 3152 1285 3205 factum
1323 3154 1420 3204 est.
1479 3150 1737 3220 Episcopi
1777 3168 1839 3203 ex
1862 3150 2066 3212 Africa,
2095 3151 2271 3215 Italia,
2296 3150 2505 3215 Galliis,

467 3225 730 3278 Hibernia
774 3226 1046 3296 Pelagium
1087 3226 1128 3278 I.
1170 3226 1387 3279 violatae
1440 3225 1564 3278 fidei
1615 3225 1953 3287 accusabant,
2004 3225 2098 3276 alii
2152 3225 2314 3278 etiam
2360 3244 2506 3278 com-

469 3300 779 3351 munionem
819 3318 940 3352 cum
978 3301 1097 3369 ipso
1154 3300 1417 3354 Pontifice
1468 3299 1624 3353 Rom.
1679 3301 2026 3368 abruperant.
2105 3298 2216 3352 Nec
2255 3300 2369 3368 ipse
2407 3299 2506 3352 Pe-

467 3373 660 3444 lagiuS,
722 3378 782 3426 ut
839 3392 894 3426 se
945 3374 1290 3442 justificaret,
1348 3374 1415 3427 ad
1473 3393 1623 3427 suam
1680 3373 2016 3443 personalem
2055 3376 2110 3426 et
2166 3373 2507 3426 infallibilem

468 3446 850 3500 auctoritatem
888 3449 1221 3516 appellabat3
1262 3449 1352 3502 sed
1393 3448 1459 3501 ad
1497 3467 1648 3502 suam
1687 3448 1860 3511 fidem,
1902 3465 2061 3516 quam
2100 3447 2506 3501 demonstrabat

469 3521 689 3575 eandem
740 3539 870 3585 esse,
923 3540 1081 3590 quam
1130 3542 1161 3574 a
1200 3522 1402 3576 sanctis
1440 3522 1696 3576 Patribus
1743 3521 2003 3576 traditam
2051 3525 2343 3591 acceperat.
2419 3521 2504 3574 Ita

472 3595 618 3649 enim
639 3595 923 3649 scribebat
957 3595 1026 3647 ad
1064 3595 1361 3666 Episcopos
1401 3596 1624 3661 Tusciae,
1665 3596 1759 3668 qui
1795 3595 1942 3649 inter
1979 3595 2104 3648 illos
2129 3596 2502 3659 censebantur,

471 3670 567 3743 qui
605 3669 883 3744 Pelagium
920 3670 1245 3725 accusabant
1282 3670 1498 3726 violatae
1522 3671 1674 3727 fidei:
1719 3667 1883 3735 «Nos,
1908 3669 1987 3725 ait
2011 3668 2281 3735 Pontifex,
2315 3686 2504 3724 secun-
