2722 4146
503 305 574 363 84

499 456 793 512 tonotariis
829 454 1024 511 ibidem
1052 452 1427 520 existentibuS,
1464 453 1819 528 omnibusque
1857 451 1978 510 aliis
2017 453 2248 509 notariis
2287 458 2344 510 et
2380 454 2551 511 tabel-

499 532 740 586 lionibus
780 550 876 602 per
917 531 1124 584 dictum
1165 529 1464 583 Concilium
1503 530 1570 583 ad
1608 532 1712 584 hoc
1750 531 2040 602 deputatis,
2070 534 2124 583 et
2150 549 2337 584 eorum
2363 549 2549 601 quem.-

499 607 637 660 libet
676 625 843 659 unum
883 606 967 657 vel
1006 605 1208 674 plureS,
1251 607 1337 658 tot
1377 608 1511 673 quot
1550 606 1756 659 fuerint
1806 604 2125 669 necessaria,
2180 605 2452 674 publicum
2495 609 2549 658 et

499 682 715 750 publica
754 681 1179 732 instrumentum
1221 683 1274 732 et
1300 678 1667 734 instrumenta
1687 681 1753 733 ad
1775 683 2092 750 perpetuam
2112 679 2191 732 rei
2217 680 2544 732 memoriam.

503 755 706 824 (Mansi
746 755 817 806 ib.
859 772 982 823 pag.
1027 757 1151 817 593,
1197 752 1342 822 594.)

574 828 703 881 Haec
737 828 950 880 decreta
1002 828 1304 896 respiciunt
1355 828 1518 881 etiam
1572 831 1784 898 tempus
1826 828 1960 882 certi
1999 830 2055 882 et
2092 827 2327 898 legitimi
2373 827 2549 898 Papae,

501 908 562 955 ut
601 921 764 971 supra
802 902 1093 971 probatum
1133 906 1215 955 est
1254 905 1309 955 et
1347 921 1377 954 a
1416 906 1603 956 sancta
1641 903 1847 972 synodo
1888 907 1941 956 61
1968 907 2154 956 sancta
2181 903 2300 955 sede
2327 902 2550 955 fuerunt

499 977 811 1045 adprobata.
892 975 1030 1028 Nam
1080 978 1135 1029 1⁰
1174 977 1288 1028 haec
1328 977 1541 1030 decreta
1581 979 1805 1030 fuerunt
1845 977 2044 1030 iterum
2083 996 2113 1029 a
2137 976 2380 1030 Concilio
2410 977 2550 1030 Con-

499 1050 790 1104 stantiensi
831 1051 1151 1104 confirmata
1190 1051 1248 1103 in
1289 1052 1638 1121 sequentibus
1666 1052 2010 1115 sessionibuS,
2053 1052 2110 1103 in
2138 1052 2332 1120 quibus
2360 1070 2551 1103 secun-

501 1125 628 1176 dum
687 1125 802 1177 haec
862 1125 1075 1178 decreta
1134 1125 1249 1195 egit
1306 1126 1544 1194 synodus
1603 1129 1797 1179 contra
1834 1125 2102 1179 Joannem
2139 1125 2340 1178 XXIII.
2383 1130 2438 1178 et
2495 1127 2552 1177 in

500 1200 738 1252 sessione
778 1198 899 1253 XII.
946 1199 1202 1252 canonice
1243 1199 1493 1269 deposuit
1531 1204 1759 1270 propter
1800 1200 2039 1253 rationes
2081 1218 2199 1269 quae
2238 1200 2314 1252 ibi
2353 1218 2384 1251 a
2409 1200 2551 1253 Con-

500 1273 626 1326 cilio
668 1273 1028 1326 adducuntur.

648 1347 721 1400 Et
747 1348 884 1400 illud
911 1348 1315 1414 advertendum,
1344 1348 1402 1400 in
1430 1349 1702 1402 sententia
1722 1348 2075 1418 depositionis
2096 1348 2131 1401 J
2134 1348 2326 1401 oannis
2345 1347 2547 1401 XXIII.

498 1440 563 1474 ne
602 1420 828 1474 verbum
888 1422 1104 1491 quidem
1165 1427 1263 1487 est,
1325 1442 1430 1492 quo
1490 1424 1729 1492 synodus
1788 1427 1993 1476 asserat
2050 1422 2227 1492 ipsum
2285 1441 2399 1475 non
2438 1441 2551 1474 esse

502 1500 710 1549 certum
769 1500 823 1549 et
882 1497 1188 1567 legitimum
1227 1497 1444 1566 Papam,
1504 1498 1590 1550 vel
1630 1516 1735 1567 quo
1798 1498 1994 1550 innuat
2052 1501 2278 1566 propter
2326 1497 2554 1549 schisma

500 1570 808 1623 tollendum
867 1570 1044 1639 ipsum
1098 1570 1366 1624 Joannem
1403 1572 1606 1624 XXIII.
1668 1573 1859 1625 debere
1921 1571 2244 1624 renunciare
2303 1571 2551 1640 Papatui,

501 1645 586 1697 vel
626 1646 828 1697 bonum
867 1645 1120 1698 Ecclesiae
1160 1646 1390 1716 exigere,
1433 1650 1494 1699 ut
1533 1647 1854 1710 declaretur,
1905 1646 2083 1714 ipsum
2120 1665 2232 1699 non
2287 1664 2399 1698 esse
2439 1663 2552 1698 661-

503 1723 625 1772 111111
667 1722 720 1772 61
760 1719 1066 1789 legitimum
1104 1719 1455 1783 Pontificem3
1500 1721 1591 1773 sed
1631 1726 1818 1773 sancta
1857 1725 1910 1773 et
1948 1721 2273 1772 oecumenica
2313 1719 2552 1788 synodus

505 1793 685 1862 ipsum
727 1794 979 1863 agnoscit
1018 1813 1205 1846 verum
1245 1799 1299 1848 et
1336 1795 1640 1864 legitimum
1679 1794 2027 1847 Pontificem:
2070 1795 2161 1847 sed
2188 1798 2412 1863 propter
2440 1795 2553 1862 ejus

506 1867 719 1931 delicta,
763 1871 819 1920 et
861 1867 986 1937 quia
1007 1868 1305 1920 Ecclesiam
1343 1873 1655 1922 monentem
1694 1873 1748 1922 et
1775 1869 2137 1938 corrigentem
2165 1868 2553 1936 contempserit

508 1960 667 2010 seque
708 1942 924 1995 notorie
964 1942 1391 2013 incorrigibilem
1420 1943 1723 1996 ostenderit
1765 1943 2095 2012 «ipsumque,
2154 1943 2233 1995 ait
2273 1946 2458 1994 sancta
2499 1946 2552 1995 et

505 2017 832 2068 oecumenica
871 2017 1125 2085 synodUS,
1168 2022 1394 2086 propter
1415 2018 1691 2086 praemissa
1730 2023 1784 2071 et
1823 2017 1929 2069 alia
1953 2017 2179 2069 crimina
2217 2017 2271 2068 in
2299 2035 2554 2085 processu

508 2090 667 2142 dictae
710 2108 882 2143 causae
924 2095 1115 2144 contra
1154 2111 1276 2144 611111
1314 2092 1541 2145 deducta
1581 2096 1636 2145 et
1676 2095 1951 2155 contenta,
1980 2095 2240 2160 tanquam
2267 2091 2555 2160 indignum

507 2168 564 2218 61
601 2164 855 2217 111111116111
894 2170 948 2218 61
989 2166 1308 2218 damnosum
1349 2185 1379 2218 a
1419 2166 1630 2235 Papatu
1671 2171 1725 2219 et
1765 2166 1911 2218 omni
1950 2167 2063 2234 ejus
2085 2165 2556 2217 administratione

506 2238 780 2307 spirituali
820 2243 874 2292 et
926 2240 1217 2308 temporali
1270 2241 1643 2304 amovendum,
1700 2240 2021 2310 privandum
2078 2243 2131 2292 et
2181 2239 2555 2308 deponendum

506 2313 639 2365 fore.
718 2313 791 2366 Et
831 2332 952 2366 cum
990 2314 1093 2366 hoc
1132 2315 1278 2367 dicto
1306 2319 1495 2368 sancta
1521 2315 1760 2384 synodus
1780 2318 2010 2378 amovet,
2050 2313 2231 2382 privat
2253 2317 2305 2366 61
2331 2313 2554 2381 deponit

506 2387 789 2440 universos
831 2392 886 2441 et
926 2388 1172 2458 singulos
1214 2389 1553 2443 christicolas
1603 2391 1967 2458 cujuscunque
2020 2392 2212 2452 status,
2268 2387 2555 2457 dignitatis

506 2461 592 2512 vel
633 2461 963 2514 conditionis
1004 2462 1260 2527 existant,
1301 2465 1367 2516 ab
1408 2465 1520 2532 ejus
1563 2464 1866 2516 obedientia
1917 2466 1970 2516 et
2010 2462 2273 2515 fidelitate
2313 2466 2368 2514 et
2400 2463 2554 2531 jura-

508 2539 693 2588 mento
734 2536 1014 2588 absolutos
1055 2536 1428 2590 declarando.»
1509 2536 1708 2602 (Mansi
1746 2541 1876 2590 tom.
1922 2542 2007 2588 27.
2049 2554 2172 2606 pag.
2218 2536 2365 2602 716.)

660 2608 829 2670 Quam
868 2609 1195 2662 sententiam
1221 2609 1256 2662 J
1259 2628 1460 2662 oannes
1487 2610 1689 2662 XXIII.
1717 2611 2028 2663 authentice
2055 2609 2372 2679 acceptavit,
2402 2608 2554 2678 eique

509 2700 564 2735 se
612 2682 879 2735 submisit.
977 2683 1249 2736 Habemus
1309 2684 1451 2736 enim
1508 2684 1936 2736 instrumentum
1994 2683 2373 2736 ratificationis
2431 2701 2554 2736 sen-

511 2756 699 2810 tentiae
739 2757 898 2810 factae
937 2775 1032 2826 per
1070 2756 1338 2810 Joannem
1377 2757 1579 2810 XXIII.
1635 2757 1694 2809 111
1734 2777 1840 2826 quo
1891 2757 2225 2826 respondens
2279 2757 2402 2819 illis,
2459 2757 2551 2824 qui

510 2831 731 2883 nomine
771 2831 966 2900 synodi
992 2832 1318 2885 sententiam
1345 2832 1393 2884 ei
1430 2833 1748 2895 attulerant,
1789 2831 1882 2895 ait,
1923 2850 2086 2899 supra
2125 2830 2326 2882 dictam
2364 2831 2554 2897 synodi

510 2905 852 2970 sententiam,
893 2908 1060 2975 prout
1099 2925 1196 2975 per
1236 2906 1441 2959 dictum
1480 2924 1688 2958 sacrum
1738 2903 2038 2958 Concilium
2092 2902 2551 2973 (Constantiense)

509 2979 622 3032 lata
662 2983 795 3042 erat,
838 2983 893 3032 et
931 2980 996 3032 ab
1037 2979 1156 3050 ipso
1198 2980 1437 3034 Concilio
1478 2983 1812 3049 processerat
1851 2983 1904 3032 et
1944 2979 2144 3031 dictata
2183 2982 2315 3042 erat,
2358 2996 2421 3030 ex
2456 2997 2552 3030 sua

512 3057 658 3106 certa
697 3053 923 3107 scientia
985 3055 1338 3124 approbabat,
1395 3055 1699 3107 ratificabat
1738 3058 1791 3106 et
1830 3053 2214 3122 homologabat
2263 3070 2324 3104 ac
2382 3052 2552 3104 eidem

515 3128 795 3196 processui
835 3132 1027 3182 contra
1065 3147 1185 3182 eum
1223 3129 1289 3182 ad
1327 3130 1440 3199 ejus
1479 3127 1872 3198 depositionem
1897 3146 1992 3196 per
2021 3126 2321 3180 Concilium
2355 3126 2552 3179 factam

513 3201 887 3270 acquiescebat
923 3207 978 3256 et
1018 3204 1441 3257 consentiebat.»

664 3276 726 3328 2⁰
765 3274 878 3329 Nec
917 3277 1037 3346 quis
1079 3278 1240 3343 dicat,
1281 3277 1583 3331 Concilium
1623 3274 2055 3339 Constantiense,
2105 3274 2319 3344 quando
2360 3274 2550 3326 habuit

514 3346 810 3401 sessionem
847 3349 944 3403 IV.
986 3356 1040 3404 61
1077 3351 1144 3405 V.
1185 3371 1297 3405 non
1349 3352 1516 3405 fuisse
1566 3350 1817 3422 generale
1869 3354 1923 3402 et
1973 3348 2374 3413 oecumenicum,
2425 3348 2550 3417 quia

514 3439 629 3475 non
665 3422 891 3476 aderant
930 3425 1250 3479 obedientiae
1290 3424 1541 3497 Gregorii
1578 3425 1701 3478 XII.
1741 3427 1795 3477 et
1831 3422 2113 3476 Benedicti
2150 3421 2302 3475 XIII.

664 3493 806 3548 Nam
844 3498 997 3550 nulla
1035 3503 1117 3552 est
1154 3500 1316 3565 rati0,
1369 3519 1462 3554 cur
1502 3499 1801 3554 Concilium
1849 3498 2098 3566 generale
2147 3514 2258 3549 non
2297 3496 2368 3548 sit
2405 3513 2548 3548 oecu-

516 3569 801 3638 menicum,
822 3575 1112 3640 propterea
1151 3575 1294 3642 quod
1331 3575 1516 3644 plures
1554 3570 1811 3643 Episcopi
1849 3572 2145 3624 noluerunt
2170 3569 2456 3623 convenire
2481 3569 2545 3621 ad

518 3642 838 3710 Concilium,
878 3645 1020 3714 quod
1057 3647 1123 3699 ad
1161 3648 1364 3701 bonum
1402 3647 1673 3713 Ecclesiae,
1724 3646 1791 3700 ad
1842 3645 2143 3698 tollendum
2196 3643 2443 3707 schisma,
2482 3642 2549 3694 ad

517 3717 908 3791 pacificandum
946 3720 1208 3790 populum
1245 3722 1347 3776 Dei
1383 3723 1566 3783 fuerat
1591 3722 1962 3790 convocatum,
2003 3737 2123 3774 cum
2149 3718 2207 3772 in
2233 3716 2343 3771 illis
2367 3734 2548 3774 rerum
