2612 4062
446 250 548 304 196

434 397 727 451 Ecclesiam
779 416 1018 462 meam,»
1088 402 1186 452 aut
1223 395 1445 452 nonnisi
1485 395 1726 452 tenuiter
1765 396 2073 468 probabile,
2135 395 2487 468 suppeditari.

438 471 559 525 Nisi
605 477 810 525 certum
861 472 933 524 sit
995 490 1089 540 per
1140 473 1393 536 Petram,
1454 471 1676 525 Petrum
1728 471 2091 542 Apostolum,
2149 473 2210 525 in
2266 472 2490 543 propria

437 565 693 616 persona,
747 565 875 599 nonm
899 550 1080 599 autem
1119 551 1182 601 ut
1219 546 1539 616 primarium
1577 545 1902 616 Apostolum
1924 588 1936 611 ,
1976 565 2077 616 pro
2117 548 2367 601 omnibus
2406 548 2488 601 lo-

436 625 706 690 quentem,
749 620 989 689 intelligi
1022 621 1231 686 debere,
1273 621 1486 673 nullum
1515 622 1736 674 omnino
1768 625 2150 692 argumentum
2176 622 2490 691 suppeditat

436 695 584 748 istud
625 695 961 758 vocabulum,
1004 714 1115 748 non
1157 696 1276 748 dico
1317 696 1376 747 in
1415 696 1795 764 probationem
1823 696 2144 750 Pontificiae
2183 696 2488 749 infallibili-

435 769 597 832 tatis,
658 769 747 821 sed
801 769 963 822 etiam
1011 769 1070 822 in
1122 770 1421 824 subsidium
1470 770 1744 823 Primatus
1794 770 2026 824 Romani
2078 770 2352 839 Episcopi.
2431 770 2489 823 Si

434 844 691 912 majorem
731 862 1016 895 numerum
1056 843 1281 898 Patrum
1328 844 1387 896 in
1427 845 1527 896 hac
1579 863 1637 896 re
1677 845 1828 914 sequi
1866 846 2141 908 debemuS,
2203 851 2336 898 tunc
2389 863 2487 913 pro

435 921 583 970 certo
622 918 917 970 tenendum
956 922 1053 982 est,
1097 939 1193 988 per
1233 919 1466 983 Petram,
1520 919 1698 971 Fidem
1740 938 1771 971 a
1809 919 1973 972 Petro
2016 919 2325 988 professam,
2378 937 2488 972 non

433 995 611 1044 autem
634 991 873 1056 Petrum,
916 993 1075 1045 fidem
1096 995 1464 1062 profitentem,
1508 993 1747 1063 intelligi
1774 997 2042 1064 oportere.
2104 994 2178 1047 Et
2202 994 2291 1046 hic
2330 994 2491 1046 liceat

432 1066 566 1118 mihi
617 1066 831 1137 insigne
878 1067 1354 1136 interpretationis
1404 1068 1581 1120 minus
1633 1069 1898 1138 ingenuae
1937 1069 2240 1137 exemplum
2279 1069 2488 1132 afferre,

435 1140 577 1209 quod
618 1143 841 1209 praebet
895 1142 1108 1195 libellus
1159 1162 1189 1195 a
1229 1143 1358 1195 Rev.
1388 1141 1815 1212 Archiepiscopo
1856 1143 2128 1196 Edesseno
2177 1161 2351 1212 nuper
2401 1143 2489 1195 hic

432 1215 665 1278 Romae,
727 1216 993 1285 singulari
1043 1217 1361 1287 privilegio,
1424 1217 1627 1279 editus,
1688 1218 1831 1286 quod
1871 1236 2000 1286 pace
2052 1217 2344 1270 venerandi
2383 1216 2488 1269 viri

433 1289 637 1342 dictum
666 1291 819 1352 volo;
862 1308 984 1342 cum
1024 1293 1083 1343 in
1122 1311 1180 1344 re
1219 1296 1333 1344 tam
1364 1292 1519 1361 gravi
1559 1292 1735 1344 verbis
1765 1292 2100 1355 clarioribuS,
2141 1292 2299 1344 modo
2327 1292 2486 1355 veris,

434 1365 693 1416 utendum
750 1364 837 1418 sit.
943 1365 1182 1418 Libellus
1232 1366 1362 1430 iste,
1422 1367 1488 1418 ab
1539 1366 1789 1418 undecim
1838 1366 2146 1436 insignibus
2197 1366 2485 1436 theologiS,

433 1457 665 1507 quorum
704 1457 898 1508 agmen
937 1440 1087 1493 ducit
1133 1440 1477 1493 doctissimus
1517 1439 1679 1493 Pater
1718 1440 1985 1504 Perrone,
2026 1441 2230 1494 litteris
2270 1439 2487 1493 Summo

432 1512 690 1566 Pontifici
718 1515 1123 1568 commendatus
1153 1519 1250 1577 est,
1283 1515 1538 1585 Ejusque,
1581 1515 1696 1567 sine
1722 1515 1902 1579 dubio,
1942 1515 2205 1584 permissu
2234 1519 2488 1584 exceptus

432 1607 462 1639 a
502 1588 692 1658 regula
731 1607 866 1657 quae
907 1589 1187 1658 episcopos
1226 1594 1288 1642 ut
1326 1590 1470 1642 inter
1510 1608 1565 1642 se
1604 1608 1700 1658 per
1739 1589 2160 1660 typographiam
2199 1608 2295 1642 sua
2333 1607 2488 1642 sensa

434 1663 894 1716 communicarent
944 1664 1200 1733 impedit,
1259 1665 1319 1716 ni
1370 1665 1540 1717 velint
1587 1665 1718 1717 alias
1771 1683 1931 1734 quam
1970 1664 2171 1718 Romae
2224 1668 2487 1734 typogra-

440 1736 675 1805 phorum
715 1755 878 1805 opera
917 1738 1015 1791 uti.

581 1810 781 1864 Allatis
810 1812 1016 1865 duabus
1037 1812 1343 1882 praecipuis
1371 1812 1939 1882 interpretationibuS,
1973 1831 2108 1882 quae
2135 1831 2229 1882 per
2250 1812 2483 1876 Petram,

433 1884 655 1938 Petrum
683 1890 735 1939 et
757 1886 943 1939 Fidem
963 1886 1130 1951 Petri,
1172 1887 1512 1958 intelligunt,
1555 1892 1610 1940 et
1635 1888 1777 1941 facta
1817 1888 2208 1951 observatione,
2249 1887 2485 1956 priorem

433 1964 559 2013 ante
601 1959 860 2013 Arianam
899 1962 1162 2015 haeresim
1203 1980 1538 2014 communem
1578 1961 1772 2026 fuisse,
1813 1962 2039 2015 alteram
2078 1967 2259 2015 autem
2298 1966 2487 2030 postea

434 2035 717 2104 praecipue
757 2035 1049 2089 invaluisse
1101 2037 1168 2089 ob
1211 2037 1636 2090 controversiam
1690 2038 1752 2089 de
1792 2036 2093 2090 Divinitate
2135 2036 2338 2089 Christi
2394 2054 2486 2088 ex-

435 2112 628 2174 ortam,
669 2111 1021 2194 prosequitur
1061 2111 1561 2164 Reverendissimus
1601 2116 1808 2176 auctor,
1852 2113 2003 2181 cujus
2043 2110 2487 2164 Elucubrationis

438 2185 617 2248 verba,
658 2185 875 2255 paginis
907 2190 995 2237 7ma
1035 2189 1088 2238 et
1116 2190 1220 2250 SW,
1261 2186 1391 2239 haec
1430 2190 1572 2239 sunt.

588 2259 895 2321 «Quantum
948 2264 1127 2313 autem
1177 2261 1277 2314 hae
1330 2261 1465 2313 duae
1517 2260 1833 2330 Evangelici
1886 2264 2069 2314 textus
2121 2260 2486 2329 expositiones

434 2333 579 2386 inter
634 2352 687 2386 se
729 2334 1053 2388 cohaereant
1103 2335 1263 2388 facile
1304 2335 1532 2405 quisque
1571 2335 1871 2405 intelliget,
1931 2335 1977 2388 si
2015 2335 2146 2387 haec
2193 2336 2326 2387 bene
2366 2353 2488 2403 per-

438 2408 654 2476 pendat.
734 2407 821 2461 Ad
875 2409 1140 2462 unitatem
1191 2410 1627 2463 constituendam
1667 2428 1728 2462 ac
1779 2409 2199 2462 conservandam
2240 2408 2488 2462 Christus

435 2481 584 2534 Petri
612 2500 913 2551 personam,
956 2485 1176 2554 ejusque
1215 2484 1273 2536 in
1301 2484 1544 2537 Primatu
1586 2502 1917 2537 successores
1946 2487 2202 2553 tanquam
2244 2464 2488 2536 centrum

437 2556 638 2626 posuit,
686 2561 745 2610 ut
773 2576 957 2610 omnes
999 2558 1182 2610 fideles
1223 2558 1435 2611 unitate
1475 2558 1598 2610 fidei
1638 2577 1698 2610 ac
1726 2558 2120 2611 communionis
2161 2558 2320 2611 simul
2361 2575 2488 2610 con-

431 2633 827 2701 jungerentur;
888 2636 947 2685 at
985 2632 1242 2701 quoniam
1280 2632 1462 2684 unitas
1503 2632 1698 2684 nedum
1735 2632 1793 2684 in
1835 2632 2211 2684 communione
2251 2631 2489 2684 omnium

439 2705 698 2770 fidelium,
739 2706 831 2758 sed
857 2706 1176 2775 praesertim
1215 2706 1276 2758 in
1315 2705 1526 2759 unitate
1557 2705 1698 2769 fidei,
1741 2724 1876 2774 quae
1904 2706 2277 2758 communione
2302 2706 2488 2773 potior

438 2783 549 2844 est,
612 2779 890 2845 consistit,
948 2781 1309 2834 necessarium
1361 2780 1582 2833 omnino
1633 2784 1749 2832 erat
1799 2783 1862 2832 ut
1901 2798 2012 2832 non
2051 2779 2106 2831 in
2156 2798 2303 2831 mera
2341 2779 2490 2832 Petri

437 2873 699 2924 persona,
755 2855 846 2907 sed
901 2855 1063 2908 etiam
1120 2855 1178 2907 in
1231 2855 1334 2907 fide
1392 2873 1552 2924 quam
1606 2854 1963 2923 praedicavit,
2023 2857 2079 2906 et
2125 2853 2489 2907 Ecclesiastici

439 2929 669 2982 aedificii
696 2929 1108 2982 fundamentum
1129 2933 1425 3000 poneretur
1453 2933 1508 2982 et
1528 2929 1759 2982 unitatis
1781 2931 2029 2981 centrum
2049 2928 2486 2982 constitueretur.

440 3002 658 3056 Etenim
695 3003 743 3057 si
794 3008 1010 3058 tantum
1050 3005 1108 3056 in
1158 3022 1392 3074 persona
1431 3003 1609 3067 Petri,
1669 3007 1723 3056 et
1762 3021 1875 3056 non
1914 3001 2076 3055 etiam
2117 3003 2175 3055 in
2213 3002 2490 3055 soliditate

441 3078 554 3145 ejus
594 3078 736 3142 fidei,
778 3079 1007 3131 aedificii
1047 3079 1462 3132 fundamentum
1500 3077 1742 3147 positum
1779 3076 1988 3140 fuisset,
2028 3077 2312 3129 deficiente
2340 3075 2490 3129 Petri

445 3150 577 3215 fide,
637 3151 908 3206 Ecclesiae
948 3153 1128 3207 unitas
1179 3172 1292 3206 non
1332 3157 1638 3206 servaretur
1687 3155 1743 3204 et
1773 3153 1932 3221 juxta
1971 3150 2327 3219 professionis
2366 3149 2490 3203 fidei

444 3224 767 3279 varietatem
831 3227 1013 3297 plures
1078 3245 1293 3298 quoque
1355 3228 1769 3280 efformarentur
1834 3225 2120 3279 Ecclesiae.
2236 3223 2294 3278 Si
2357 3242 2488 3295 ergo

445 3296 692 3381 Christus
730 3301 934 3367 voluit,
995 3321 1157 3355 unam
1209 3319 1322 3355 esse
1360 3301 1679 3366 Ecclesiam,
1739 3299 1954 3353 unitate
1993 3299 2119 3353 fidei
2158 3302 2214 3352 et
2251 3317 2490 3352 commu·-

445 3370 656 3436 nionis,
723 3374 770 3426 si
824 3375 890 3427 ad
947 3376 1213 3430 unitatem
1276 3376 1418 3429 hanc
1474 3378 1734 3445 perpetuo
1792 3374 2107 3427 servandam
2162 3373 2223 3426 in
2278 3373 2490 3426 ratione

445 3445 787 3500 fundamenti
825 3466 887 3500 ac
926 3451 1128 3515 centri,
1176 3450 1327 3504 Petri
1363 3467 1652 3520 personam
1689 3448 1903 3518 posuit,
1957 3449 2070 3518 ejus
2106 3465 2322 3516 quoque
2360 3445 2489 3500 soli·

445 3519 720 3573 dissimam
766 3521 954 3586 fidem,
1015 3542 1175 3592 quam
1213 3525 1487 3594 professus
1538 3527 1621 3578 est
1657 3541 1718 3576 ac
1755 3522 2116 3591 praedicavit,
2176 3521 2259 3574 uti
2295 3520 2489 3574 funda-

449 3598 694 3648 mentum
732 3612 935 3664 ponere
974 3597 1186 3662 debuit;
1264 3599 1425 3653 aliter
1464 3598 1570 3652 sibi
1605 3596 1950 3668 propositum
1988 3597 2150 3649 finem
2187 3594 2247 3647 in
2285 3592 2488 3648 consti-

447 3668 651 3724 tuenda
675 3667 915 3723 Ecclesia
952 3677 1274 3740 assequutus
1312 3691 1425 3728 non
1462 3672 1671 3728 fuisset.
1723 3671 2064 3740 Quapropter
2102 3687 2221 3724 cum
2252 3673 2314 3723 et
2338 3665 2488 3722 Petri
