2612 4062
450 237 556 296 222

601 387 755 452 Quod
794 382 927 441 dicit
965 378 1032 440 D.
1061 377 1235 440 Nardi
1275 399 1460 442 verum
1499 386 1599 456 est,
1639 390 1703 445 ut
1741 381 1874 460 ipse,
1915 380 2062 443 adito
2098 381 2223 443 loco
2262 381 2496 444 Ambro—

451 463 633 529 sian0,
683 466 936 532 expertus
996 480 1130 515 sum.
1211 461 1520 518 Observetis
1567 465 1729 518 velim
1774 466 1953 518 locum
2003 464 2168 517 istum
2206 463 2499 517 adductum

451 539 617 591 fuisse
655 538 721 589 ad
762 537 1153 590 ostendendum
1192 536 1415 591 Petrum
1454 557 1574 592 cum
1612 539 1850 592 Ecclesia
1887 538 2227 603 identificari,
2257 570 2324 576 -
2353 539 2499 608 quod

453 631 638 665 verum
677 630 790 664 esse
818 630 1001 665 omnes
1039 613 1403 682 agnoscimus,
1443 613 1549 667 alio
1589 617 1770 667 tamen
1809 633 1970 683 quam
1995 612 2281 666 schematis
2308 631 2495 675 sensu3

451 705 561 739 non
611 691 791 748 autem
837 686 905 738 ad
944 687 1285 755 probandum
1322 686 1672 741 Ambrosium
1711 707 1805 758 per
1847 688 2128 741 «Petram»
2170 686 2498 756 Apostolum

449 760 796 824 intellexisse,
834 760 898 812 de
937 779 1043 830 quo
1084 762 1298 813 nullum
1335 762 1558 815 dubium
1595 767 1859 817 movetur.
1938 761 2060 815 Nisi
2099 761 2339 814 Ecclesia
2379 779 2498 814 cum

450 834 612 887 Petro
651 834 1019 888 identificetur
1059 836 1118 887 in
1158 836 1325 890 citato
1365 837 1503 901 loco,
1545 855 1703 890 sensu
1742 837 2044 901 schematis,
2085 836 2295 888 nullum
2334 855 2497 906 argu-

448 913 693 961 mentum
731 908 790 960 in
831 911 944 979 ejus
984 910 1282 963 subsidium
1322 913 1559 980 praebet,
1601 912 1740 981 quod
1783 912 1846 964 de
1873 911 2121 964 omnibus
2160 910 2279 962 aliis
2315 910 2496 963 citatis

448 984 555 1035 dici
594 983 767 1047 debet,
808 1002 872 1035 ex
911 984 1105 1054 quibus
1146 1003 1246 1038 nec
1286 1005 1425 1039 unus
1466 987 1791 1039 sententiam
1829 986 1979 1038 illam
2018 984 2272 1054 explicite
2307 985 2494 1048 tradit,

450 1057 693 1126 quamvis
752 1076 866 1110 eam
923 1059 1204 1112 ratiocinii
1262 1079 1364 1128 ope
1422 1079 1485 1113 ex
1539 1060 1607 1113 iis
1655 1061 1913 1113 deducere
1965 1064 2190 1112 conetur
2242 1060 2494 1127 scriptor.

449 1131 569 1184 Hoc
620 1133 736 1185 solo
790 1134 1035 1203 exemplo
1088 1134 1395 1187 ostenditur
1452 1154 1611 1204 quam
1660 1135 1957 1204 periculose
1996 1134 2115 1186 aliis
2155 1133 2215 1186 in
2254 1139 2497 1186 veterum

448 1207 582 1259 locis
625 1206 854 1260 citandis
903 1226 1055 1260 caeca
1101 1209 1232 1261 fides
1272 1209 1621 1272 adhibeatur;
1674 1212 1826 1279 cujus
1863 1209 2078 1279 insigne
2117 1208 2498 1260 documentum

450 1283 506 1333 in
546 1280 863 1350 Appendice
910 1283 976 1334 ad
1027 1283 1166 1335 hanc
1219 1284 1530 1336 concionem
1581 1284 1828 1336 invenire
1875 1283 1971 1347 sit,
2026 1283 2197 1351 quod,
2252 1281 2495 1351 quamvis

448 1356 514 1408 ad
554 1357 924 1424 quaestionem
962 1377 1072 1410 non
1113 1358 1411 1426 pertineat,
1459 1359 1562 1411 hoc
1601 1363 1863 1412 assertum
1904 1376 2082 1409 meum
2119 1357 2329 1409 abunde
2367 1374 2496 1425 pro-

449 1431 573 1494 bat,
616 1435 671 1483 et
711 1431 808 1483 fini
848 1451 1005 1500 quem
1044 1433 1177 1484 mihi
1215 1434 1605 1503 assequendum
1644 1433 1924 1503 proposui,
1963 1431 2226 1485 inservire
2265 1431 2497 1499 potest.¹

597 1505 917 1574 Exemplum
969 1507 1135 1559 falsae
1187 1508 1450 1560 illationis
1504 1527 1568 1560 ex
1608 1509 1809 1578 pagina
1851 1513 1919 1560 74
1965 1525 2136 1568 sum0‚
2177 1506 2270 1558 ubi
2308 1507 2498 1558 auctor

450 1581 678 1649 probare
717 1579 953 1634 intendit
981 1581 1283 1634 Concilium
1311 1582 1729 1635 Constantiense
1767 1582 2051 1653 agnovisse
2091 1580 2293 1649 Papam
2331 1598 2496 1648 supra

451 1654 751 1707 Concilium
792 1674 921 1720 esse,
964 1656 1027 1708 de
1066 1676 1172 1725 quo
1213 1675 1360 1709 nunc
1399 1675 1509 1710 non
1551 1658 1786 1726 inquiro.
1845 1657 1907 1709 Id
1948 1656 2144 1725 probat
2184 1655 2286 1707 hoc
2310 1655 2493 1706 modo:

603 1729 703 1781 «In
754 1728 1014 1798 Synodali
1060 1731 1338 1800 Epistola,
1399 1750 1585 1801 quam,
1645 1750 1796 1784 sacro
1843 1731 2180 1800 approbante
2232 1728 2492 1791 Concilio,

451 1803 621 1856 edidit
659 1803 930 1857 Martinus
983 1809 1174 1858 contra
1226 1824 1437 1859 errores
1477 1806 1717 1858 Wicleffi
1768 1810 1822 1858 et
1873 1805 2015 1869 Hus,
2069 1804 2135 1856 ad
2175 1802 2494 1855 Germaniae

450 1878 728 1931 Praelatos
770 1878 988 1943 directa,
1030 1880 1174 1932 inter
1215 1881 1477 1934 articulos
1518 1881 1811 1933 credendos
1853 1878 2161 1949 propositos
2200 1897 2341 1930 unus
2382 1880 2492 1929 est:

453 1953 639 2015 «Quod
704 1952 850 2021 Papa
915 1954 989 2006 sit
1051 1959 1214 2023 caput
1278 1955 1547 2008 Ecclesiae
1612 1955 1960 2007 catholicae».
2058 1952 2257 2005 Eadem
2320 1951 2494 2022 igitur

451 2027 711 2079 habitudo
754 2026 959 2080 Summi
1006 2028 1292 2082 Pontificis
1345 2033 1426 2083 est
1475 2030 1542 2081 ad
1600 2030 1906 2082 universam
1945 2026 2268 2091 Ecclesiam,
2323 2031 2378 2079 et
2426 2025 2494 2077 ad

451 2101 755 2154 Concilium
803 2104 1053 2173 generale
1094 2122 1204 2155 eam
1246 2107 1682 2172 repraesentans,
1725 2122 1860 2173 quae
1898 2104 2043 2156 inter
2085 2105 2246 2170 caput
2285 2104 2341 2153 et
2380 2119 2499 2152 cor-

449 2195 552 2245 pus
593 2176 911 2239 intercedit3
962 2182 1020 2231 at
1059 2196 1123 2230 ex
1164 2179 1338 2247 capite
1375 2183 1601 2242 motum,
1643 2197 1958 2247 omnemque
1984 2178 2249 2231 influxum
2289 2175 2500 2228 obtinet

451 2269 673 2319 corpus:
722 2269 851 2322 ergo
905 2271 969 2304 ex
1027 2253 1145 2321 ipsa
1186 2253 1591 2306 Constantiensi
1633 2251 1882 2322 SynodO,
1935 2257 2109 2306 totam
2158 2250 2267 2302 vim
2304 2250 2499 2319 guber—

450 2326 614 2377 nandi
654 2325 947 2378 Ecclesiam
1001 2328 1254 2397 generale
1308 2327 1609 2380 Concilium
1662 2328 1902 2391 obtinet,
1961 2346 2073 2380 non
2124 2324 2428 2377 immediate
2467 2341 2498 2374 a

452 2400 699 2464 Christo,
761 2402 851 2453 sed
908 2402 1178 2455 mediante
1239 2402 1413 2471 capite
1471 2402 1718 2455 Romano
1776 2401 2064 2455 Pontifice:
2130 2399 2258 2451 haec
2316 2403 2497 2451 autem

452 2476 704 2543 componi
756 2494 864 2527 non
919 2481 1177 2544 possunt,
1234 2495 1352 2529 cum
1405 2477 1470 2528 iis
1522 2495 1657 2545 quae
1707 2477 1764 2528 in
1817 2475 2081 2529 Sessionis
2130 2477 2382 2543 quartae,
2443 2475 2499 2524 et

451 2549 675 2618 quintae
717 2549 932 2603 decreto
973 2551 1251 2620 leguntur,
1292 2551 1335 2603 si
1376 2568 1437 2602 60
1478 2568 1638 2603 sensu
1678 2549 2018 2618 accipiantur
2059 2567 2164 2620 quo
2204 2548 2271 2600 ab
2309 2547 2496 2600 adver-

450 2623 605 2677 sariis
644 2628 997 2678 sumuntur.»

598 2697 812 2751 Vitium
837 2698 996 2752 istius
1023 2698 1460 2752 ratiocinationis
1487 2698 1587 2751 hoc
1616 2702 1713 2751 est.
1762 2697 1910 2766 Papa
1935 2697 2249 2767 gerit-vices
2271 2695 2494 2759 Christi,

450 2772 510 2824 in
556 2777 822 2843 quantum
872 2771 1121 2827 Christus
1178 2773 1225 2825 ei
1278 2772 1573 2825 contulerit
1626 2775 1952 2841 potestatem
2004 2770 2171 2834 Eum,
2236 2774 2494 2839 tanquam

453 2847 629 2917 Caput
668 2847 925 2912 Visibile,
979 2847 1227 2900 fidelibus
1281 2846 1736 2915 repraesentandi.
1816 2845 2062 2898 Christus
2101 2848 2281 2898 autem
2321 2847 2496 2897 totam

451 2921 847 2990 plenitudinem
886 2923 1177 2991 potestatis
1214 2920 1310 2975 Sui
1348 2921 1545 2990 Ipsius,
1586 2921 1646 2973 in
1683 2924 1947 2990 quantum
1987 2922 2069 2972 est
2108 2919 2283 2988 Caput
2309 2918 2495 2971 Eccle-

453 2997 582 3061 siae,
636 3016 772 3066 quae
818 3001 902 3051 est
953 2996 1162 3066 Corpus
1209 2996 1370 3065 Ejus,
1420 2996 1478 3048 in
1527 2995 1692 3048 allata
1741 2993 2159 3048 ratiocinatione
2201 2993 2495 3046 contulisse

453 3072 814 3139 supponitur,
870 3071 990 3125 cum
1035 3071 1090 3124 id
1139 3090 1171 3123 a
1219 3070 1470 3140 patronis
1521 3070 1854 3122 adversantis
1906 3067 2207 3121 sententiae
2244 3071 2492 3137 negetur.

454 3143 707 3214 Quisquis
763 3145 1063 3218 delegatam
1107 3148 1436 3215 potestatem
1488 3147 1720 3207 exercet,
1774 3162 1886 3196 non
1927 3160 2139 3195 omnem
2177 3141 2494 3211 Delegantis

454 3221 779 3285 potestatem
818 3220 1013 3274 habere
1041 3218 1338 3274 censendus
1378 3223 1484 3272 est:
1525 3218 1616 3271 sed
1654 3236 1768 3271 eam
1795 3237 1970 3286 quam,
2011 3216 2259 3270 adductis
2284 3215 2492 3269 instru-

454 3293 681 3356 mentis,
742 3294 791 3345 ei
842 3296 1093 3349 collatam
1139 3294 1305 3347 fuisse
1358 3293 1642 3346 ostendere
1690 3292 1878 3361 possit.
1959 3290 2173 3344 Motum
2211 3289 2400 3342 deinde
2438 3292 2494 3342 et

455 3382 667 3418 omnem
725 3367 988 3422 influxum
1039 3370 1283 3422 obtinere
1331 3371 1515 3437 potest
1567 3366 1803 3420 Ecclesia
1854 3366 2156 3418 immediate
2204 3383 2236 3416 a
2275 3363 2491 3418 Christo

453 3437 608 3510 Ipso,
650 3442 894 3510 corporis
932 3461 1060 3496 vero
1102 3443 1306 3513 capite,
1347 3460 1460 3495 non
1498 3441 1766 3494 mediante
1806 3440 1981 3510 capite
2018 3437 2248 3503 visibili,
2301 3454 2493 3506 nempe

454 3512 700 3568 Romano
752 3513 1062 3582 Pontifice,
1097 3517 1204 3571 nisi
1253 3519 1468 3570 constet
1516 3515 1816 3580 Christum,
1874 3515 1933 3567 in
1988 3512 2339 3584 gubernanda
2395 3528 2491 3565 sua

577 3674 592 3700 ¹
622 3673 853 3741 Appendix
881 3676 934 3722 D.

2594 447 2601 468 l
