2612 4062
2083 303 2186 355 251

150 439 434 492 Praeterea
472 457 606 508 quae
645 437 710 490 de
736 436 1020 493 Pontificis
1059 440 1294 495 Romani
1332 443 1663 498 auctoritate
1690 445 1934 499 fidelibus
1962 449 2191 500 tenenda

148 513 276 576 sint,
300 512 599 565 Concilium
620 511 1000 566 Tridentinum
1022 516 1207 580 edixit,
1231 516 1607 571 Florentinum
1628 538 1858 589 quoque,
1882 522 2032 590 cujus
2046 540 2107 575 ea
2127 523 2190 575 de

149 605 207 639 re
240 587 510 639 decretum
531 587 590 639 in
629 585 838 638 cunctis
865 587 1200 659 singulisque
1227 609 1287 643 eo
1315 591 1555 645 sanctius
1581 598 1927 648 conservetur
1954 599 2189 664 oportet,

148 661 404 730 quoniam
425 660 693 714 Ecclesiae
717 658 942 714 Latinae
969 666 1022 715 et
1045 662 1276 716 Graecae
1296 683 1560 718 consensu
1575 668 1878 722 stabilitum
1902 672 2001 734 est,
2028 673 2190 739 atque

149 735 192 788 si
230 735 491 788 Dominus
530 735 596 787 ad
635 733 912 787 Orientem
951 740 1037 790 tot
1076 738 1232 792 malis
1273 757 1589 808 oppressum
1629 742 2025 796 misericordiae
2064 764 2190 797 suae

149 810 332 862 oculos
386 813 699 862 convertere
749 808 1033 879 dignetur,
1094 812 1312 865 unionis
1365 814 1731 869 restituendae
1778 817 2188 872 fundamentum

148 884 270 937 erit.
347 882 589 948 Accedit,
643 883 786 951 quod
839 884 938 937 hac
985 888 1307 955 tempestate
1345 887 1587 958 Ecclesia
1631 890 1884 944 adversus
1925 910 2046 957 eOS,
2095 893 2188 963 qui

148 958 206 1011 in
245 958 565 1028 religionem
604 960 863 1026 tanquam
904 964 1263 1014 commentum
1301 961 1536 1016 humano
1576 965 1762 1034 generi
1801 966 2017 1019 exitiale
2059 985 2187 1020 con-

147 1043 408 1102 surgunt,
462 1050 646 1102 pugna
697 1032 1013 1085 sustinenda
1065 1034 1137 1087 sit
1188 1054 1330 1087 nova
1369 1039 1424 1089 et
1460 1056 1491 1088 a
1531 1039 1757 1091 saeculis
1797 1039 2068 1103 inaudita,
2110 1041 2187 1094 ita

148 1110 209 1159 ut
267 1106 578 1160 consultum
623 1105 844 1159 minime
896 1107 1142 1160 videatur
1187 1109 1403 1178 populis
1456 1111 1747 1165 Catholicis
1804 1117 1891 1166 tot
1951 1115 2189 1184 undique

147 1180 639 1234 machinationibus
697 1180 754 1232 in
812 1182 1173 1235 tentationem
1231 1183 1471 1237 inductis
1523 1188 1725 1256 majora
1784 1206 1943 1256 quam
2001 1188 2189 1242 Patres

147 1255 452 1309 Tridentini
492 1255 783 1323 imponere.
864 1255 1145 1310 Caeterum
1183 1262 1350 1326 prout
1390 1277 1508 1311 cum
1550 1261 1697 1313 omni
1724 1261 1962 1315 Ecclesia
1990 1262 2188 1316 Catho-

147 1330 250 1383 lica
288 1330 648 1382 Bellarminus
689 1329 906 1382 effatur:
964 1331 1357 1385 «Definitiones
1404 1333 1468 1385 de
1495 1334 1598 1386 fide
1636 1336 1874 1404 pendent
1901 1337 2188 1406 praecipue

147 1423 209 1456 ex
256 1405 552 1458 traditione
601 1404 899 1473 apostolica
954 1409 1007 1459 et
1059 1424 1323 1459 consensu
1361 1406 1789 1473 Ecclesia1·um»;
1841 1414 1895 1464 et
1946 1412 2187 1480 quamvis

147 1479 213 1531 ad
263 1479 434 1533 totius
482 1478 750 1532 Ecclesiae
813 1480 1138 1534 sententiam
1189 1483 1615 1551 cognoscendam
1665 1483 1913 1552 Synodus
1967 1486 2186 1538 univer-

147 1553 272 1606 salis
323 1554 690 1606 brevissimam
737 1557 948 1608 sternat
997 1555 1164 1618 viam,
1226 1559 1404 1608 tamen
1458 1575 1489 1608 a
1540 1557 1875 1612 nobilissimo
1927 1559 2186 1625 ConciliO,

146 1628 289 1697 quod
339 1628 574 1698 apostoli
614 1646 734 1680 cum
771 1628 1075 1682 senioribus
1114 1629 1489 1684 Hierosolimis
1528 1632 1850 1696 habuerunt,
1891 1632 2186 1686 Nicaenum

147 1721 314 1772 usque
368 1721 577 1756 errores
628 1703 900 1756 innumeri
953 1703 1313 1757 Ecclesiarum
1363 1706 1775 1773 particularium
1826 1707 2186 1761 decisionibus

147 1777 466 1830 successoris
531 1776 582 1829 S.
650 1777 800 1830 Petri
874 1778 1154 1848 totiusque
1218 1779 1484 1833 Ecclesiae
1550 1799 1813 1834 consensu
1875 1782 2185 1851 adprobatis

146 1852 420 1922 profligati
472 1855 524 1904 et
573 1852 801 1905 extincti
853 1857 997 1906 sunt.
1077 1853 1365 1906 Indubium
1404 1858 1500 1919 est,
1557 1855 1700 1924 quod
1753 1875 1934 1908 omnes
1983 1856 2187 1910 Christi

147 1926 325 1979 fideles
385 1925 533 1979 Sedis
592 1925 939 1995 Apostolicae
997 1927 1226 1980 decretis
1285 1932 1465 1980 veram
1522 1929 1882 1983 obedientiam
1938 1931 2183 1994 debeant,

148 2001 368 2070 insuper
421 2001 618 2054 eruditi
668 2001 850 2070 piique
897 2002 1003 2054 viri
1053 2002 1269 2066 docent,
1330 2022 1465 2072 quae
1519 2003 1766 2056 Summus
1817 2004 2071 2057 Pontifex
2124 2005 2186 2057 de

152 2074 255 2128 fide
293 2075 639 2144 moribusque
690 2095 754 2128 ex
795 2076 1061 2130 Cathedra
1110 2077 1336 2145 loquens
1391 2078 1717 2142 constituat,
1777 2079 1939 2132 etiam
1989 2080 2186 2149 absque

147 2149 507 2203 Ecclesiarum
557 2169 820 2203 consensu
862 2151 1345 2220 quomodocunque
1383 2152 1753 2206 demonstrato
1793 2153 2187 2223 irrefragabilia

146 2242 273 2277 esse.
351 2224 611 2277 Attamen
663 2226 880 2278 silentio
929 2244 1168 2294 premere
1218 2245 1331 2278 non
1378 2227 1529 2290 licet,
1589 2246 1779 2297 graves
1832 2227 2184 2281 nihilominus

146 2317 421 2367 superesse
448 2299 793 2353 difficultates
815 2319 879 2352 ex
905 2300 1129 2353 Patrum
1155 2299 1422 2353 Ecclesiae
1449 2301 1607 2354 dictis
1622 2302 1911 2372 gestisque,
1933 2301 2184 2371 genuinis

144 2374 405 2426 historiae
444 2374 781 2428 documentis
822 2378 874 2428 et
914 2377 1030 2444 ipsa
1070 2375 1318 2427 doctrina
1347 2375 1621 2428 Catholica
1661 2379 1863 2438 enataS,
1906 2394 2038 2444 quae
2078 2376 2182 2428 nisi

146 2448 361 2516 penitus
419 2449 629 2502 solutae
685 2450 916 2514 fuerint,
978 2468 1314 2519 nequaquam
1372 2449 1490 2501 fieri
1548 2454 1758 2518 posset,
1826 2453 1886 2502 ut
1934 2449 2184 2502 doctrina

144 2522 434 2591 praedictis
472 2523 672 2576 litteris
714 2524 1082 2577 commendata
1121 2524 1323 2593 populo
1365 2523 1659 2577 christiano
1699 2527 1972 2593 tamquam
2011 2542 2041 2575 a
2068 2523 2180 2576 Deo

141 2597 379 2650 revelat-a
415 2602 830 2666 proponeretur.
908 2599 1111 2650 Verum
1150 2599 1215 2651 ab
1254 2598 1397 2650 hisce
1436 2598 1784 2651 discutiendis
1823 2598 2027 2669 refugit
2066 2598 2182 2649 ani-

142 2690 288 2735 mus,
342 2675 396 2724 et
435 2690 503 2724 ne
543 2673 802 2742 ejusmodi
843 2673 1290 2726 deliberationum
1330 2673 1618 2725 necessitas
1657 2672 1812 2725 nobis
1851 2672 2179 2740 imponatur,

142 2745 557 2799 Benevolentiae
596 2748 740 2799 Tuae
792 2748 1119 2800 confidentes
1159 2747 1481 2816 flagitamus,
1558 2746 1841 2800 Praeterea
1881 2765 1998 2798 cum
2038 2746 2181 2798 inter

141 2820 383 2889 potiores
422 2821 667 2874 nationes
708 2821 1010 2875 Catholicas
1061 2839 1283 2873 munere
1322 2821 1609 2889 episcopali
1648 2821 1949 2890 fungimur,
2002 2838 2180 2871 rerum

141 2895 282 2963 apud
322 2913 411 2948 eos
452 2899 655 2949 statum
696 2895 1014 2965 quotidiano
1054 2895 1325 2947 noscimus
1365 2912 1491 2947 usu:
1533 2895 1688 2947 nobis
1728 2898 1906 2948 autem
1947 2897 2178 2958 constat,

105 3010 107 3013 .
143 2969 530 3034 definitionem,
571 2989 706 3040 quae
734 2969 1061 3039 postulatur,
1103 2968 1384 3039 religionis
1424 2968 1659 3020 inimicis
1699 2986 1839 3021 nova
1866 2968 2177 3036 suppedita-

139 3046 318 3095 turam
368 3062 517 3096 arma
568 3045 634 3097 ad
683 3045 762 3097 rei
809 3044 1103 3096 catholicae
1150 3043 1311 3095 etiam
1364 3042 1503 3110 apud
1554 3042 1793 3094 melioris
1832 3045 1991 3094 notae
2029 3042 2175 3095 viros

138 3117 395 3170 invidiam
455 3119 856 3182 concitandam,
919 3118 1156 3186 certique
1217 3135 1399 3169 sumus
1456 3133 1569 3167 rem
1614 3116 1671 3167 in
1717 3115 1936 3185 Europa
1985 3116 2175 3169 saltem

138 3195 450 3245 nostrarum
494 3193 778 3262 regionum
815 3191 1090 3263 guberniis
1131 3209 1339 3243 causam
1379 3190 1742 3258 praebituram
1781 3190 1892 3243 sive
1927 3194 2175 3260 praetex-

137 3268 255 3320 tum
294 3267 352 3319 in
385 3268 511 3336 jura
549 3267 818 3319 Ecclesiae
857 3266 1069 3318 residua
1107 3263 1412 3316 invadendi.

286 3339 432 3393 Haec
495 3339 787 3393 Sanctitati
851 3341 994 3392 Tuae
1058 3357 1116 3390 ea
1180 3357 1337 3407 quam
1402 3337 1670 3389 communi
1734 3338 1970 3391 fidelium
2021 3339 2173 3392 Patri

139 3413 386 3467 debemus
437 3414 751 3467 sinceritate
804 3413 1146 3484 exposuimus
1198 3415 1252 3465 et
1291 3412 1406 3465 Tuo
1445 3430 1726 3480 precamur
1765 3413 2016 3467 mandato
2058 3414 2170 3478 fiat,

139 3490 202 3539 ut
241 3487 505 3550 doctrina,
547 3489 698 3556 cujus
736 3489 1071 3541 sanctionem
1108 3489 1321 3555 petunt,
1352 3484 1591 3539 Concilio
1631 3487 1969 3541 oecumenico
1995 3487 2171 3540 discu-

139 3560 320 3615 tienda
356 3562 502 3614 haud
540 3565 896 3630 proponatur.

289 3634 568 3691 Caeterum
615 3635 682 3689 ad
731 3635 891 3705 pedes
930 3636 1072 3690 Tuos
1129 3633 1407 3705 provoluti
1463 3652 1562 3704 pro
1618 3635 1778 3691 nobis
1836 3639 1890 3691 et
1935 3636 2169 3707 populis,
