2612 4062
405 282 511 333 216

403 426 633 480 Hiberni
685 423 988 477 sacerdotes
1039 437 1164 473 suos
1213 418 1531 472 infallibiles
1583 419 1836 484 credunt,
1896 419 2021 488 quia
2059 437 2150 472 eos
2187 422 2447 488 tanquam

403 500 672 554 Ecclesiae
727 495 1032 550 infallibilis
1080 493 1393 556 ministrOS,
1447 493 1783 563 proindeque
1835 512 1957 546 cum
2010 511 2071 546 ea
2116 493 2175 546 in
2224 492 2335 546 suis
2381 494 2447 546 ad

404 575 666 645 populum
719 569 1068 625 concionibus
1119 567 1511 621 concordantes
1557 567 1774 621 habent.
1853 568 1934 621 Eo
1985 567 2223 637 praecise
2270 585 2446 632 sensu,

404 654 458 703 et
497 667 609 701 non
648 647 772 710 alio,
814 644 1058 714 quamvis
1099 643 1167 696 ob
1206 641 1455 694 altiorem
1498 643 1610 710 ejus
1650 642 1708 694 in
1734 641 2052 695 Hierarchia
2076 641 2450 695 Ecclesiastica

402 724 630 794 gradum
669 722 872 789 majore
912 719 1075 771 etiam
1112 715 1445 779 reverentia,
1487 715 1791 769 Romanum
1830 717 2182 779 Pontificem,
2223 734 2322 786 pro
2362 715 2449 768 in·

403 797 621 850 fallibili
671 795 889 847 habent.
969 792 1110 845 Aliis
1160 790 1476 843 nationibus
1523 790 1582 843 in
1631 791 1817 844 multis
1871 809 1961 844 eos
2012 791 2297 843 inferiores
2337 808 2450 843 esse

402 889 667 942 agnosco;
708 870 768 921 in
806 869 910 920 hoc
949 871 1153 930 autem,
1208 884 1298 918 eos
1336 864 1502 917 nullis
1543 865 1753 930 cedere,
1795 866 1939 935 quod
1978 865 2104 918 fidei
2145 865 2451 918 Catholicae

401 943 751 998 addictissimi
801 943 939 1003 sint,
993 945 1047 994 et
1101 940 1389 993 devotione
1443 957 1572 1010 erga
1629 939 1926 992 Romanam
1977 938 2168 992 Sedem
2224 939 2451 991 maxime

403 1018 725 1088 obsequiosi.
800 1017 872 1069 Dc
912 1017 979 1069 iis
1021 1017 1119 1068 sub
1158 1019 1394 1083 utroque
1432 1018 1684 1083 respectu
1724 1014 1828 1067 dici
1858 1018 2058 1083 potest,
2100 1013 2243 1085 quod
2269 1013 2450 1066 Ludo-

402 1095 548 1147 vicus
575 1092 706 1148 XVI
745 1091 1025 1160 inscripsit
1065 1090 1262 1142 vexillo
1289 1089 1682 1142 nonnullorum
1721 1107 1906 1141 eorum
1944 1089 2055 1157 qui,
2096 1089 2193 1141 sub
2234 1088 2452 1140 nomine

401 1168 660 1239 Brigatae
699 1186 791 1219 seu
819 1165 1075 1235 Legionis
1096 1163 1435 1226 Hibernicae,
1477 1163 1536 1215 in
1576 1163 1687 1215 suis
1714 1167 1768 1216 et
1803 1182 2025 1216 suorum
2050 1167 2450 1215 antecessorum

401 1263 432 1295 a
470 1247 716 1311 tempore
755 1240 1016 1294 Ludovici
1056 1238 1210 1303 XIV,
1264 1237 1457 1290 castris
1496 1237 1766 1306 stipendia
1804 1237 1999 1290 mereri
2038 1241 2450 1301 consueverunt,

402 1336 492 1370 eos
547 1335 738 1386 nempe
782 1333 1032 1384 «semper
1074 1319 1127 1367 et
1171 1313 1365 1382 ubique
1405 1311 1570 1364 fuisse
1610 1312 1844 1366 fideles»
1927 1312 2079 1374 Quod
2119 1318 2300 1365 autem
2337 1330 2451 1364 rem

403 1393 467 1444 de
521 1410 627 1461 qua
679 1392 737 1443 in
790 1408 1044 1460 praesens
1093 1388 1276 1458 agitur
1316 1387 1452 1440 bene
1490 1385 1837 1457 intelligant,
1885 1391 1980 1439 aut
2020 1386 2348 1439 sententiam
2387 1387 2451 1439 de

402 1485 464 1519 ea
503 1467 783 1519 efformare
822 1464 1060 1534 possint,
1110 1462 1272 1515 nimis
1312 1461 1601 1514 ridiculum
1641 1465 1723 1514 est
1762 1465 1824 1514 ut
1865 1461 2240 1514 confutatione
2281 1464 2450 1530 egeat.

402 1541 464 1594 Id
505 1541 667 1594 etiam
707 1558 893 1592 verum
932 1542 1013 1590 est
1053 1539 1116 1590 de
1157 1539 1430 1590 conventu
1460 1535 1749 1606 Oorcagiae
1789 1554 1961 1605 nuper
2000 1535 2205 1595 habite,
2248 1535 2311 1587 de
2345 1553 2451 1604 quo

402 1616 501 1668 sub
540 1615 761 1667 initium
803 1632 927 1666 suae
954 1612 1313 1665 nitidissimae
1342 1610 1617 1663 concionis
1644 1610 2138 1663 Reverendissimus
2166 1608 2452 1661 Cassilien-

404 1690 476 1742 sis
527 1690 744 1742 locutus
796 1692 906 1752 est,
964 1706 1085 1739 cum
1135 1685 1373 1738 dubitari
1426 1684 1627 1754 possit,
1681 1703 1751 1737 an
1803 1685 1918 1753 ipse
1957 1684 2452 1737 Reverendissimus

404 1765 706 1834 Episcopus
749 1762 1150 1832 Corcagiensis,
1205 1760 1298 1829 qui
1349 1760 1397 1812 ei
1436 1759 1763 1828 praesedisse
1803 1759 2095 1823 dicebatur,
2138 1777 2251 1811 rem
2290 1758 2451 1811 intel-

405 1838 627 1902 lexerit,
695 1856 815 1890 cum
880 1838 936 1890 in
1001 1837 1105 1888 hoc
1159 1839 1353 1888 nostro
1413 1837 1571 1885 coetu
1630 1834 1812 1902 plures
1871 1833 1983 1886 sint
2039 1832 2132 1902 qui
2187 1833 2452 1902 aucipites

403 1914 655 1975 haerent,
699 1912 828 1981 quid
868 1931 964 1980 per
1003 1909 1347 1963 Pontificiam
1386 1907 1843 1961 Infallibilitatem
1883 1907 2327 1977 intelligendum,
2383 1925 2452 1958 an

404 1988 579 2040 verbis
620 1986 917 2039 Schematis
970 1985 1225 2038 standum
1271 1983 1369 2046 sit,
1422 2001 1493 2034 an
1547 1982 1729 2051 potius
1782 1982 1990 2035 mitiori
2030 1984 2143 2050 ejus
2183 1982 2453 2050 interpre-

402 2062 603 2116 tationi
643 2080 806 2130 quarn
845 2059 1343 2112 Reverendissimus
1374 2055 1828 2125 Archiepiscopus
1855 2056 2251 2119 MechlinensiS,
2282 2073 2453 2107 exem—

399 2137 552 2207 plum
591 2135 948 2188 Pictaviensis
990 2138 1227 2196 secutuS,
1276 2132 1335 2184 in
1373 2134 1486 2201 ejus
1525 2131 1939 2200 explicationem
1978 2131 2184 2184 attulit.
2265 2129 2455 2182 Callidi

402 2211 546 2264 enim
603 2210 891 2263 schematis
942 2209 1056 2261 veri
1111 2211 1389 2270 auctores,
1436 2237 1502 2243 —-
1542 2224 1656 2258 non
1702 2206 1898 2274 loquor
1948 2206 2011 2258 de
2051 2204 2344 2274 episcopis,
2389 2204 2453 2256 de

402 2286 598 2356 quibus
657 2285 883 2354 loquor,
951 2283 1139 2336 statim
1197 2281 1409 2351 patebit
1467 2312 1534 2317 —
1593 2281 1727 2333 bene
1785 2283 2082 2343 noverant,
2148 2279 2331 2348 plures
2389 2297 2452 2330 ex

402 2361 652 2430 patribus
690 2359 966 2412 mitiorem
1005 2356 1437 2426 explicationem,
1479 2373 1614 2424 quae
1654 2358 1834 2408 tamen
1874 2354 2116 2407 nondum
2155 2354 2213 2405 in
2242 2353 2454 2406 schema

402 2435 575 2487 relata
614 2434 711 2498 sit,
753 2432 974 2486 auribus
1014 2431 1364 2501 aequioribus
1404 2448 1516 2482 esse
1555 2432 1900 2498 accepturOS,
1943 2433 1997 2482 et
2036 2428 2310 2491 incautOS,
2352 2445 2453 2496 pro

403 2509 720 2562 definitione
760 2507 934 2577 qualis
974 2507 1033 2558 in
1073 2506 1339 2558 schemate
1381 2503 1724 2572 proponitur,
1766 2504 1942 2572 quoad
1980 2503 2059 2555 rei
2099 2503 2291 2555 saltem
2327 2502 2454 2554 sub-

405 2583 680 2646 stantiam,
706 2582 966 2651 suffragia
986 2581 1220 2641 laturos;
1245 2596 1380 2647 quos
1401 2577 1587 2630 forsan
1610 2577 1805 2630 clarior
1831 2580 1945 2646 ejus
1959 2595 2146 2630 sensus
2162 2577 2452 2645 expressiO,

405 2658 471 2710 ab
512 2675 572 2709 ea
611 2655 989 2709 dissentientes
1028 2653 1282 2706 habitura
1322 2651 1480 2703 foret.
1561 2649 1664 2703 Sed
1703 2651 1769 2703 ad
1809 2655 2084 2704 nostrates
2123 2650 2297 2703 redeo,

552 2729 681 2784 Non
719 2734 900 2784 autem
939 2729 1003 2781 de
1043 2727 1235 2797 populi
1273 2725 1406 2788 fide,
1458 2725 1548 2777 sed
1602 2724 1665 2776 de
1704 2725 2016 2778 antistitum
2067 2724 2455 2793 doctorumque

407 2805 708 2869 sententia,
762 2804 821 2856 in
871 2803 971 2855 hac
1017 2820 1074 2855 re
1125 2799 1506 2870 inquirendum
1545 2802 1642 2851 est.
1721 2798 2111 2868 Episcopatum
2152 2798 2456 2867 clerumque

406 2880 817 2933 Hiberniensem
855 2896 1003 2930 nunc
1028 2880 1225 2939 autem,
1266 2873 1498 2942 demptis
1526 2873 1843 2926 clarioribus
1871 2872 2187 2942 quibusdam
2217 2872 2456 2925 nomini-

407 2956 535 3019 buS,
594 2955 653 3006 in
711 2952 1038 3006 sententiam
1095 2948 1416 3003 Pontificiae
1472 2947 1892 3000 Infallibilitatis
1951 2947 2286 3015 propendere
2343 2965 2456 2999 non

409 3047 576 3099 nego;
630 3027 873 3098 quamvis
924 3026 1056 3078 mihi
1108 3043 1222 3078 non
1272 3021 1596 3092 suppetierit
1648 3021 1878 3075 facultas
1930 3039 2117 3074 eorum
2156 3021 2456 3074 sententias

411 3103 727 3171 exquirendi
776 3101 934 3155 aliter
974 3118 1136 3170 quam
1175 3117 1239 3151 ex
1277 3097 1377 3150 1166
1416 3095 1694 3150 occasione
1730 3095 1933 3148 Romae
1971 3095 2105 3147 mihi
2144 3095 2454 3165 contigerit.

414 3175 499 3228 Ab
557 3176 718 3229 initio
777 3181 958 3229 autem
998 3193 1111 3228 11011
1168 3172 1275 3226 fuit
1333 3171 1439 3233 sic;
1497 3171 1553 3223 in
1613 3172 1763 3240 cujus
1821 3170 2195 3223 testimonium
2252 3169 2456 3222 adduco

414 3250 662 3317 plausum
715 3250 867 3320 quasi
920 3248 1276 3302 universalem
1322 3264 1430 3315 quo
1470 3245 1701 3314 scripta,
1753 3263 1784 3296 a
1823 3244 2043 3297 summis
2082 3244 2214 3296 viris
2256 3274 2323 3281 —
2364 3242 2457 3312 qui

416 3324 567 3391 quasi
605 3323 873 3376 Ecclesiae
912 3321 1288 3376 Hiberniensis
1329 3320 1605 3373 columnae
1642 3318 1983 3382 videbantur,
2017 3351 2082 3356 —
2110 3317 2454 3387 prodeuntia,

417 3414 566 3466 quae,
608 3415 691 3448 me
730 3397 903 3449 adhuc
941 3399 1151 3467 juvene,
1191 3395 1380 3449 deinde
1422 3394 1539 3447 viro
1579 3393 1740 3456 facte,
1781 3397 1834 3446 et
1861 3394 2243 3462 presbyteratu
2277 3394 2454 3455 auct0,

418 3470 757 3524 contrarium
784 3470 1100 3538 prodebant.
1167 3470 1389 3523 Praeter
1427 3468 1534 3522 ista
1559 3466 1780 3536 scripta,
1823 3485 1961 3537 quae.
1997 3486 2028 3520 a
2065 3466 2183 3519 viro
2221 3482 2456 3518 summae

419 3543 766 3608 eruditioniS,
822 3545 1042 3613 majoris
1093 3545 1269 3598 adhuc
1319 3542 1555 3612 ingenii,
1608 3540 1827 3612 pietatis
1877 3539 2222 3594 ferventioris
2263 3542 2317 3592 et
2355 3538 2456 3591 zeli

419 3619 723 3672 animarum
759 3634 883 3669 vere
907 3619 1214 3686 apostolici,
1253 3616 1547 3688 episcopali
1573 3614 1838 3687 dignitate
1864 3615 2147 3686 insignite,
2186 3612 2456 3667 Reveren-

419 3693 640 3750 dissimo
680 3708 873 3763 nempe
911 3689 1114 3746 Jacobo
1153 3692 1348 3765 Doyle,
1386 3690 1659 3764 Episcopo
1697 3689 1927 3746 Darensi
1964 3692 2020 3746 et
2058 3685 2453 3760 Leighlenensi,

2572 3798 2612 4062 i
