2612 4062
2091 249 2197 324 2'27'

911 862 1562 954 APPENDIX‘

1149 1053 1200 1108 A

493 1202 819 1269 Excerptum
858 1221 920 1255 ex
961 1204 1410 1258 observationibus
1454 1204 1867 1262 Concionatoris.

299 1350 410 1404 Nec
467 1353 639 1422 magis
699 1353 882 1405 valent
941 1353 1006 1405 ad
1067 1354 1397 1422 probandam
1447 1353 1791 1408 Pontificiam
1843 1358 2199 1410 inerrantiam

151 1427 311 1478 verba
352 1426 555 1480 Christi
594 1427 659 1478 ad
686 1426 908 1480 Petrum
951 1427 1145 1495 (Lucas
1166 1427 1340 1480 XXII.
1374 1435 1452 1493 ll,
1486 1431 1588 1497 12.)
1630 1430 1688 1481 in
1728 1430 1922 1498 quibus
1961 1433 2210 1500 palmare,

150 1507 530 1571 argumentum
569 1501 838 1554 invenisse
879 1521 932 1554 se
958 1507 1159 1571 putant
1198 1505 1311 1572 ejus
1340 1504 1641 1556 sententiae
1674 1505 1936 1558 advocati.
1997 1506 2200 1560 Habita

150 1575 361 1628 ratione
413 1595 590 1628 rerum
638 1576 1022 1645 adjunctorum
1071 1578 1122 1629 in
1180 1578 1371 1646 quibus
1414 1578 1660 1630 Christus
1715 1597 1776 1631 ea
1826 1581 2089 1649 protulit,
2146 1585 2199 1634 et

152 1650 441 1702 verborum
492 1669 626 1720 quae
667 1650 855 1703 deinde
894 1652 959 1703 ad
1002 1670 1185 1704 omnes
1225 1653 1503 1721 apostolos
1545 1653 1772 1717 direxit,
1831 1673 1943 1707 non
1983 1655 2198 1708 videtur

149 1742 346 1776 munus
386 1725 607 1794 aliquod
644 1725 710 1776 ad
751 1726 1003 1778 ecclesiae
1043 1727 1284 1796 regimen
1323 1727 1621 1795 pertinenS,
1664 1732 1797 1780 tunc
1822 1727 1985 1782 Petro
2028 1729 2195 1782 colla-

151 1802 267 1851 tum
314 1803 408 1852 aut
455 1798 780 1868 promissum
831 1800 1022 1853 fuisse:
1075 1801 1249 1853 multo
1299 1802 1474 1854 minus
1529 1802 1728 1854 donum
1775 1803 2103 1856 inerrantiae
2142 1804 2198 1856 in

149 1891 211 1924 eo
251 1873 485 1942 gerendo
527 1873 574 1925 ei
615 1893 726 1927 esse
765 1875 1094 1928 intimatum.
1156 1874 1430 1928 Monitum
1469 1880 1584 1928 erat
1624 1895 1730 1945 quo
1771 1895 1890 1929 eum
1929 1878 1995 1929 ad
2022 1878 2198 1929 immi-

149 1965 282 1999 nens
335 1948 650 2012 discrimen,
707 1950 791 2001 cui
844 1950 1176 2019 objiciendus
1230 1954 1396 2014 esset,
1459 1950 1819 2019 superandum
1866 1952 2195 2016 hortaretur,

149 2023 414 2091 simulque
454 2023 760 2086 intimatio,
803 2042 924 2075 eum
962 2028 1087 2092 post
1127 2025 1338 2093 lapsum
1379 2043 1696 2077 conversum
1735 2025 1819 2090 iri,
1861 2030 1916 2078 et
1956 2030 2194 2079 caeteros

146 2097 423 2164 apostolos
477 2099 941 2150 confirmaturum.
1029 2097 1267 2168 Rogavit
1322 2099 1495 2168 igitur
1548 2099 1793 2152 Christus
1852 2119 1951 2168 pro
2010 2100 2191 2165 Petr0,

147 2170 267 2240 qui,
334 2176 397 2224 ut
458 2191 587 2240 prae
652 2172 874 2224 caeteris
933 2173 1196 2241 apostolis
1254 2191 1477 2225 munere
1535 2173 1996 2243 distinguebatur,
2063 2193 2192 2243 prae

147 2245 368 2297 caeteris
427 2247 585 2298 etiam
627 2266 657 2298 a
698 2245 898 2298 Satana
950 2247 1276 2298 cribrandus.
1319 2249 1629 2315 petebatur,
1685 2252 1739 2300 et
1789 2267 1915 2316 prae
1967 2249 2190 2301 caeteris

145 2318 450 2372 defecturus
480 2321 907 2389 praevidebatur.
970 2319 1210 2390 Rogavit
1238 2320 1485 2374 Christus
1525 2326 1586 2374 ut
1626 2341 1738 2374 non
1777 2322 2026 2375 deficeret
2060 2323 2191 2375 fides

145 2395 276 2462 ejus,
317 2394 371 2459 id
399 2399 499 2458 est,
542 2399 602 2448 ut
630 2395 897 2458 fiduciam,
928 2414 1034 2463 qua
1061 2394 1276 2447 Christo
1305 2396 1580 2464 hucusque
1605 2396 1934 2460 adhaeserat,
1966 2396 2188 2449 omnino

144 2471 240 2519 aut
278 2467 336 2519 in
377 2476 698 2537 perpetuum
737 2487 850 2521 non
877 2469 1181 2532 amitteret3
1224 2474 1277 2522 et
1316 2475 1441 2538 post
1479 2471 1706 2538 lapsum,
1746 2470 1804 2522 in
1842 2489 1896 2523 se
1922 2489 2186 2535 reverSUS,

144 2541 198 2592 id
239 2547 336 2605 est,
380 2561 686 2607 conversus,
729 2544 954 2596 caeteris
994 2543 1201 2596 animos
1241 2544 1474 2597 adderet.
1522 2544 1641 2597 Hoc
1679 2545 1956 2613 praestitit
1994 2544 2188 2598 Petrus

145 2620 270 2684 post
296 2616 518 2669 Domini
544 2618 1035 2684 Resurrectionem,
1080 2637 1200 2670 cum
1239 2637 1354 2670 eam
1394 2619 1617 2671 caeteris
1657 2618 1935 2688 discipulis
1974 2638 2188 2670 annun-

143 2690 322 2754 tiavit,
364 2695 426 2743 ut
466 2710 529 2743 ex
568 2692 746 2744 verbis
787 2691 984 2758 (Lucae
1023 2692 1246 2761 XXIV.)
1289 2696 1531 2745 constat:
1574 2693 1893 2745 Resurrexit
1924 2693 2186 2746 Dominus

144 2782 266 2817 vere
317 2769 371 2818 et
420 2767 674 2835 apparuit
713 2767 895 2820 Petro,
971 2765 1098 2819 Non
1137 2767 1306 2836 igitur
1347 2767 1411 2818 de
1452 2767 1569 2831 fide,
1611 2772 1869 2836 tanquam
1908 2766 2186 2819 doctrinae

143 2857 397 2907 corpore,
455 2840 513 2892 in
563 2859 670 2910 quo
721 2860 881 2893 sensu
937 2859 1213 2909 nunquam
1266 2860 1298 2892 a
1347 2841 1581 2893 Domino
1634 2860 1738 2894 vox
1788 2843 1894 2893 ista
1941 2840 2185 2893 adhibita

143 2913 386 2976 videtur3
439 2933 537 2967 nec
589 2916 750 2968 etiam
790 2915 853 2967 de
893 2915 1019 2978 fide,
1071 2915 1278 2968 virtute
1317 2933 1506 2983 nempe
1546 2915 1875 2985 theologica,
1928 2934 2032 2984 qua
2070 2914 2184 2967 Deo

143 2987 433 3052 credimuS,
485 2989 543 3041 in
594 3009 699 3059 quo
754 3008 915 3042 sensu
966 2989 1127 3041 semel
1168 2992 1222 3042 et
1261 2989 1460 3042 iterum
1499 2993 1715 3041 tantum
1753 2989 1809 3040 in
1858 2989 1982 3058 Ejus
2023 2989 2182 3042 dictis

143 3063 407 3125 occurrit3
467 3065 556 3116 sed
617 3064 681 3116 de
738 3063 936 3116 fiducia
995 3082 1099 3131 qua
1156 3062 1222 3115 Ei
1281 3067 1538 3132 tanquam
1589 3061 1855 3132 Magistro
1910 3063 2216 3135 hucusque.

141 3135 476 3201 adhaeserat,
525 3140 685 3191 verba
727 3137 932 3190 Christi
971 3137 1140 3205 accipi
1182 3137 1392 3190 debent.
1472 3137 1623 3198 Quod
1663 3137 1708 3189 si
1745 3138 1998 3189 nonnulli
2033 3138 2182 3190 inter

141 3215 369 3275 veteres,
412 3215 467 3264 et
505 3214 665 3265 turba
703 3212 1066 3265 recentiorum
1105 3211 1482 3280 interpretum,
1523 3229 1583 3262 ea
1620 3211 1782 3263 verba
1819 3211 1978 3264 aliter
2018 3211 2182 3264 intel-

139 3282 399 3347 lexerint;
467 3286 526 3337 in
586 3286 759 3355 iisque
816 3305 1009 3338 munus
1061 3284 1223 3337 Petro
1273 3285 1617 3354 impositum,
1683 3285 1907 3350 frat-reS,
1972 3285 2027 3338 id
2077 3289 2177 3350 est,

142 3362 379 3411 caeteros
428 3360 708 3428 apostolos
757 3377 1047 3428 eorumque
1099 3377 1453 3424 successoreS,
1513 3358 1794 3428 episcopos
1843 3378 2062 3429 nempe,
2119 3360 2177 3412 in

141 3431 244 3483 fide
270 3433 638 3496 confirmandi,
680 3434 1005 3496 invenerint,
1047 3433 1101 3484 id
1139 3433 1261 3485 aliis
1301 3434 1506 3485 nullam
1544 3432 1777 3502 imponit
1802 3435 2202 3488 necessitatem'

141 3524 190 3557 a.
211 3505 447 3575 simplici
487 3511 540 3560 et
578 3507 808 3560 litterali
846 3526 1030 3561 eorum
1070 3507 1469 3578 significatione
1506 3507 1804 3561 recedendi.

1799 3793 1801 3797 .
1833 3772 1913 3816 15*
