2722 4146
380 330 447 384 36

372 495 427 532 es
465 478 667 533 Petrus
708 523 718 534 .
763 520 774 532 .
819 520 830 532 .
883 475 1014 530 Inde
1052 493 1147 546 per
1187 478 1493 546 temporum
1542 476 1596 531 et
1636 471 2033 531 successionum
2072 473 2215 530 vices
2253 471 2414 547 Epis-

374 572 632 623 coporum
673 553 945 606 ordinatio
988 554 1042 603 et
1080 550 1334 604 Ecclesiae
1377 552 1520 605 ratio
1567 551 1822 616 decurrit,
1863 556 1927 606 ut
1966 552 2208 605 Ecclesia
2253 569 2414 621 super

372 627 668 695 Episcopos
706 627 1089 689 constituatur,
1130 629 1184 679 et
1224 625 1399 678 omnis
1437 630 1591 680 actus
1631 626 1885 680 Ecclesiae
1923 644 2021 696 per
2046 627 2251 681 eosdem
2274 643 2414 695 prae-

373 703 582 771 positos
621 703 1007 772 gubernetur.»
1087 700 1161 753 Et
1210 700 1273 752 de
1313 701 1452 754 unit.
1493 700 1637 755 Eccl.
1681 720 1793 770 cap.
1837 700 1960 754 IV.:
2018 701 2125 755 «Et
2170 704 2416 770 pastores

373 781 502 830 sunt
543 794 724 829 omnes
766 773 1045 843 (Apostoli
1073 774 1576 846 Apostolorumque
1614 775 1988 845 successores),
2030 779 2085 829 et
2109 793 2244 845 grex
2277 793 2416 827 unus

373 851 693 913 ostenditur,
735 849 827 918 qui
866 849 931 901 ab
972 847 1257 918 Apostolis
1298 850 1548 903 omnibus
1594 850 1839 903 unanimi
1886 850 2240 903 consensione
2291 867 2416 918 pas-

374 929 542 988 catur,
584 928 645 977 ut
671 923 911 976 Ecclesia
939 923 1145 977 Christi
1182 943 1292 977 una
1330 929 1670 979 monstretur
1711 967 1723 978 .
1767 970 1777 980 .
1822 966 1833 977 .
1875 924 2235 994 Episcopatus
2274 942 2415 976 unus

372 1004 469 1062 est,
513 1000 661 1068 cujus
701 1018 731 1050 a
771 998 1006 1068 singulis
1046 998 1102 1051 in
1142 999 1375 1052 solidum
1417 1019 1541 1069 pars
1582 1005 1851 1054 tenetur.»

518 1072 574 1124 S.
614 1072 955 1141 Auyilslinus
1000 1091 1112 1126 non
1159 1073 1305 1126 aliud
1353 1075 1637 1145 cognoscit
1688 1092 1999 1144 supremum
2043 1073 2415 1144 magisterium

372 1152 425 1200 et
458 1146 748 1217 judicium,
799 1166 960 1217 quani
1011 1148 1355 1200 ecclesiarum
1397 1150 1702 1202 unanimem
1741 1149 2206 1218 praedicationem,
2259 1152 2414 1199 vetu-

292 1286 298 1289 -
369 1226 507 1274 stam
545 1225 600 1274 et
640 1223 996 1275 universalem
1035 1222 1405 1288 traditionem,
1447 1223 1843 1293 Episcoporum
1869 1227 1988 1276 tum
2014 1223 2157 1276 inter
2183 1241 2255 1285 se,
2296 1225 2415 1274 tum

370 1315 489 1348 cum
529 1296 774 1349 Romana
812 1297 1035 1350 ecclesia
1075 1315 1415 1363 consensum,
1469 1298 1526 1350 in
1574 1318 1679 1370 qua
1727 1316 1935 1367 semper
1976 1297 2155 1367 viguit
2193 1300 2414 1365 aposto-

371 1371 492 1424 licae
531 1371 799 1424 cathedrae
838 1372 1195 1441 principatus

517 1445 634 1499 Lib.
675 1447 739 1499 de
779 1446 1062 1515 Baptismo
1109 1452 1152 1501 1.
1196 1450 1388 1500 contra
1427 1445 1745 1500 Donatistas
1787 1464 1901 1515 cap.
1943 1445 2099 1498 VIL:
2154 1443 2309 1497 «Jam
2348 1462 2415 1496 ne

369 1520 550 1574 videar
588 1519 836 1574 humanis
876 1521 1210 1592 argumentis
1250 1539 1425 1591 agere,
1468 1521 1724 1590 quoniam
1763 1520 2079 1590 quaestionis
2118 1520 2280 1589 hujus
2321 1519 2414 1571 ob-

369 1595 599 1648 scuritas
657 1595 932 1664 prioribus
991 1596 1245 1648 Ecclesiae
1302 1596 1663 1664 temporibus,
1730 1599 1855 1648 ante
1907 1594 2138 1647 schisma
2194 1593 2414 1656 Donati,

372 1688 596 1740 magnos
638 1671 782 1723 viros
822 1675 876 1723 et
916 1689 1113 1741 magna
1152 1670 1417 1724 charitate
1444 1670 1721 1739 praeditos,
1764 1670 1953 1722 Patres
1981 1669 2296 1738 EpiscopOS,
2337 1667 2415 1720 ita

370 1745 514 1797 inter
555 1763 609 1796 se
649 1745 928 1813 compulit,
970 1745 1117 1798 salva
1155 1763 1284 1814 pace
1323 1745 1624 1814 disceptare
1664 1749 1826 1813 atque
1866 1744 2154 1807 fluctuare,
2208 1746 2272 1795 ut
2321 1741 2412 1793 diu

372 1818 738 1871 Conciliorum
786 1819 842 1871 in
892 1819 1003 1872 suis
1056 1819 1354 1888 quibusque
1393 1818 1705 1890 regionibus
1744 1818 1953 1870 diversa
1992 1821 2201 1870 statuta
2238 1819 2415 1869 muta-

372 1893 576 1956 verint,
638 1894 796 1947 donec
840 1895 1090 1961 plenario
1137 1896 1300 1947 totius
1358 1893 1514 1947 Orbis
1558 1892 1812 1958 Concili0‚
1871 1892 2013 1961 quod
2066 1891 2415 1944 saluberrime

370 1967 722 2030 sentiebatur,
746 1968 908 2021 etiam
934 1969 1158 2022 remotis
1186 1968 1618 2022 dubitationibus
1646 1969 2008 2021 firmaretur.»
2054 1966 2127 2019 Et
2154 1985 2266 2035 cap.
2304 1970 2410 2018 18.:

375 2041 473 2093 «In
514 2061 618 2111 qua
660 2041 942 2112 (Ecclesia)
993 2043 1039 2096 si
1090 2043 1237 2096 aliud
1285 2043 1381 2096 alii
1430 2043 1604 2095 adhuc
1649 2043 1714 2095 de
1764 2043 1870 2096 ista
1920 2040 2215 2111 quaestione
2267 2040 2414 2092 salva

371 2134 499 2185 pace
539 2117 824 2181 sentirent,
866 2119 1023 2171 donec
1063 2119 1354 2171 universali
1396 2116 1631 2171 Concilio
1680 2135 1846 2169 unum
1893 2116 2191 2185 eliquatum
2239 2114 2410 2167 since-

371 2209 598 2260 rumque
637 2192 980 2260 placuisset.»
1063 2192 1140 2246 Cf.
1183 2193 1218 2247 l.
1260 2192 1331 2245 II.
1374 2210 1416 2247 c.
1459 2199 1509 2245 4.
1554 2197 1602 2244 7.
1646 2195 1695 2244 9.
1745 2197 1824 2244 15.
1880 2194 1931 2244 et
1973 2190 2066 2242 lib.
2106 2188 2201 2242 IV.
2245 2207 2287 2241 c.
2333 2193 2408 2242 6.:

373 2263 543 2317 Nemo
585 2283 639 2318 se
678 2267 872 2320 audeat
913 2285 1230 2337 praeponere
1283 2266 1334 2319 S.
1375 2266 1667 2336 Cypriano,
1711 2266 1871 2334 «quia
1910 2263 2230 2318 universalis
2271 2262 2411 2316 Con-

375 2339 486 2391 cilii
525 2339 783 2394 firmitate
822 2341 1130 2395 admonitus
1169 2341 1315 2394 videt
1355 2341 1576 2410 aliquid,
1619 2341 1761 2410 quod
1803 2341 1895 2392 ille
1933 2357 2047 2392 non
2087 2337 2242 2402 vidit,
2285 2336 2412 2407 quia

374 2414 675 2482 plenarium
716 2415 778 2467 de
817 2415 917 2468 hac
955 2434 1012 2468 re
1052 2416 1356 2470 Concilium
1394 2415 1635 2468 nondum
1673 2415 1905 2467 habebat
1943 2413 2233 2466 Ecclesia.»

522 2487 595 2541 Et
635 2489 791 2557 epist.
831 2490 898 2542 ad
938 2489 1188 2542 Glorium
1226 2490 1533 2542 Eleusium:
1598 2489 1770 2541 «Ecce
1821 2492 2072 2558 putemus
2120 2487 2244 2540 illos
2283 2484 2416 2554 Epi-

376 2579 583 2629 scopOS,
625 2563 718 2632 qui
759 2563 942 2616 Romae
975 2565 1306 2633 judicarunt,
1346 2582 1459 2616 non
1498 2564 1668 2615 bonos
1702 2563 1910 2632 judices
1950 2561 2142 2624 fuisse3
2182 2561 2417 2615 restabat

377 2635 552 2688 adhuc
581 2637 889 2703 plenarium
931 2637 1206 2691 Ecclesiae
1243 2637 1566 2690 universalis
1608 2635 1918 2700 Concilium,
1960 2635 2054 2687 ubi
2094 2635 2257 2688 etiam
2296 2651 2418 2687 cum

379 2709 512 2779 ipsis
545 2710 818 2780 judicibus
858 2729 1016 2765 causa
1054 2715 1238 2781 posset
1275 2711 1492 2782 agitari,
1534 2713 1597 2763 ut
1636 2710 1682 2762 si
1721 2710 1860 2762 male
1885 2709 2152 2779 judicasse
2180 2707 2418 2762 convicti

379 2789 560 2838 essent
600 2785 857 2853 (Romani
890 2786 1139 2856 judices),
1180 2805 1367 2840 eorum
1407 2784 1690 2839 sententiae
1730 2783 2124 2837 solverentur.»

529 2860 839 2914 Vincentius
858 2861 1158 2915 Lirinensis
1183 2861 1241 2913 in
1267 2879 1363 2914 suo
1391 2858 1750 2912 famosissimo
1773 2855 2219 2920 Commonitorio,
2248 2855 2418 2924 quod-

382 2953 507 2987 nam
554 2935 846 2989 constituit
899 2935 959 2989 in
1015 2935 1257 2989 Ecclesia
1305 2933 1700 3005 magisterium,
1754 2931 1996 3003 regulam
2053 2930 2211 2983 fidei?
2293 2928 2419 2982 Non

383 3009 543 3062 unius
594 3009 750 3063 Rom.
791 3010 1077 3065 Pontificis
1129 3009 1539 3073 auctoritatem,
1592 3007 1684 3060 sed
1733 3009 2002 3060 vetustam
2045 3004 2421 3074 apostolorum

383 3083 734 3137 traditionem
772 3089 826 3139 et
865 3085 1210 3138 ecclesiarum
1250 3082 1672 3138 consensionem.
1750 3079 2007 3134 Concedit
2057 3079 2271 3148 quidem
2310 3078 2422 3130 Ro-

385 3175 555 3210 manae
594 3159 708 3212 sedi
746 3160 947 3230 primas
987 3163 1042 3213 et
1080 3159 1378 3229 praecipuas
1418 3160 1618 3227 parteS,
1658 3158 1819 3226 atque
1859 3154 1924 3207 de
1961 3153 2116 3207 Rom.
2157 3152 2423 3206 Pontifice

388 3229 679 3299 Stephano,
721 3234 814 3303 qui
855 3253 975 3287 cum
1013 3234 1135 3288 aliis
1174 3232 1457 3303 Episcopis
1496 3229 1796 3284 insurrexit
1836 3231 2027 3281 contra
2052 3226 2422 3298 Agrippinum

388 3308 443 3358 et
483 3303 813 3374 Cyprianum
850 3309 1268 3378 rebaptizanteS,
1306 3307 1385 3361 ita
1422 3305 1691 3375 loquitur:
1736 3302 1920 3356 «Tunc
1946 3301 2091 3371 Papa
2117 3300 2423 3370 Stephanus

388 3379 700 3448 apostolicae
739 3381 878 3435 sedis
917 3382 1162 3447 antistes,
1205 3400 1324 3436 cum
1364 3379 1572 3434 caeteris
1611 3376 1827 3449 quidem
1876 3376 2099 3446 collegis
2144 3376 2280 3440 suis,
2333 3373 2424 3427 sed

388 3457 571 3507 tamen
607 3472 720 3523 prae
759 3456 966 3509 caeteris
1006 3457 1228 3522 restitit,
1270 3455 1511 3527 dignum,
1553 3457 1617 3507 ut
1642 3451 1854 3522 opinor,
1894 3450 2226 3514 existimans,
2268 3448 2314 3502 si
2338 3466 2424 3500 re-

390 3527 570 3597 liquos
610 3546 794 3582 omnes
833 3532 1050 3583 tantum
1087 3531 1213 3584 fidei
1253 3529 1540 3584 devotione
1578 3526 1837 3589 vinceret,
1877 3527 2140 3594 quantum
2165 3523 2270 3576 loci
2298 3539 2424 3575 auc-

390 3601 618 3655 toritate
657 3603 998 3672 superabat.»
1078 3603 1181 3657 Sed
1230 3621 1534 3674 supremam
1580 3599 1822 3672 regulam
1870 3598 1996 3651 fidei
2045 3598 2186 3651 hanc
2233 3596 2422 3650 habet:

395 3674 494 3727 «In
531 3676 649 3745 ipsa
685 3676 816 3731 item
853 3677 1120 3731 catholica
1157 3678 1399 3732 Ecclesia
1434 3691 1760 3748 magnopere
1797 3671 2093 3726 curandum
2133 3674 2233 3736 est,
2270 3672 2336 3723 ut
2369 3667 2426 3721 id

391 3751 686 3816 teneamus,
727 3751 870 3821 quod
910 3751 1125 3821 ubique,
1165 3752 1309 3822 quod
1349 3768 1575 3821 semper,
1615 3747 1758 3819 quod
1795 3747 1862 3800 ab
1889 3745 2137 3800 omnibus
2164 3743 2427 3799 creditum
