2722 4146
466 286 536 339 46

467 430 676 500 synodo
715 430 916 484 discuti
955 432 1010 483 et
1047 426 1344 482 examinari
1382 426 1648 492 volumuS,
1689 429 1744 481 et
1781 430 1962 481 ratum
2000 443 2130 491 esse,
2171 423 2315 496 quod
2353 427 2516 479 rectae

468 505 594 558 fidei
633 523 929 559 consonum
969 503 1240 556 videbitur
1281 543 1293 555 .
1337 543 1348 554 .
1393 543 1404 555 .
1464 501 1682 555 Judices
1739 502 1900 572 hujus
1957 501 2036 554 rei
2093 519 2207 553 esse
2264 504 2517 569 oportere

468 598 576 644 eOS,
617 581 710 649 qui
750 578 1060 632 sacerdotiis
1099 577 1298 646 ubique
1337 581 1598 646 praesunt,
1639 580 1694 629 et
1730 595 1825 646 per
1854 595 1990 646 quos
2029 575 2135 645 ipsi
2175 575 2234 627 in
2271 574 2518 627 veritatis

469 654 738 707 sententia
777 672 959 707 sumus
1000 656 1054 705 et
1093 652 1344 704 erimus.»

615 728 854 781 Examen
892 745 1021 779 vero
1061 730 1116 779 et
1150 726 1414 796 judicium
1457 725 1781 778 «secundum
1820 723 2209 777 ecclesiasticos
2251 741 2514 776 canones»

469 803 585 855 fieri
626 806 892 871 oportere,
935 805 990 854 et
1026 801 1330 870 Imperator
1369 800 1659 863 fatebatur,
1699 803 1755 852 et
1790 798 2046 867 Episcopi
2087 797 2516 852 consentiebant.

468 877 608 929 Illud
648 894 861 946 quoque
901 876 1190 944 scripserat
1230 875 1290 927 in
1329 875 1512 927 eadem
1565 873 1797 943 epistola
1845 873 2174 942 Imperator:
2233 871 2343 924 «Ut
2393 875 2519 923 ante

468 951 862 1003 sanctissimam
920 954 1159 1003 coactam
1211 950 1479 1020 synodum
1533 965 1972 1016 communemque
2023 949 2135 1014 ejus
2189 945 2517 999 sententiam

467 1025 607 1077 nihil
647 1026 939 1094 quidquam
978 1044 1008 1076 a
1036 1025 1293 1094 quopiam
1319 1025 1379 1076 in
1406 1024 1517 1076 ulla
1542 1041 1766 1092 prorsus
1787 1040 1844 1074 re
1885 1022 2142 1090 privatim
2169 1022 2515 1073 innovetur.»

619 1099 683 1152 In
725 1100 940 1152 actione
992 1099 1168 1168 prima
1219 1099 1384 1151 allata
1434 1098 1542 1150 fuit
1593 1097 1824 1166 epistola
1884 1095 1935 1148 S.
1980 1095 2171 1164 Cyrilli
2210 1095 2272 1146 de
2312 1094 2415 1146 fide
2454 1094 2520 1146 ad

466 1173 812 1236 Nestorium;
853 1174 1058 1226 famosa
1096 1174 1191 1225 illa
1230 1173 1473 1242 epistola,
1516 1190 1634 1240 quae
1672 1170 1918 1224 Nestorii
1956 1188 2194 1222 errorem
2233 1167 2522 1221 damnabat

468 1253 523 1302 et
561 1268 592 1300 a
631 1247 683 1303 S.
740 1248 1031 1302 Coelestino
1086 1266 1334 1317 expresse
1385 1247 1682 1316 adprobata
1734 1250 1789 1298 et
1829 1245 2147 1297 confirmata
2197 1244 2405 1296 fuerat:
2467 1246 2521 1294 et

467 1330 649 1376 tamen
689 1321 740 1375 S.
785 1322 1022 1391 Cyrillus
1061 1323 1202 1375 hanc
1241 1322 1526 1391 epistolam
1564 1339 1594 1372 a
1635 1319 1686 1373 S.
1718 1319 2006 1372 Coelestino
2029 1320 2142 1387 jam
2168 1317 2521 1386 adprobatam

469 1402 524 1451 et
564 1398 938 1450 confirmatam
975 1416 1119 1450 novo
1160 1401 1215 1450 et
1253 1415 1381 1449 vero
1423 1394 1474 1448 S.
1519 1393 1724 1464 Synodi
1764 1393 1999 1446 examini
2050 1396 2104 1445 et
2136 1391 2340 1462 judicio
2395 1409 2522 1459 sup-

470 1472 630 1540 ponit
687 1491 780 1541 per
838 1473 952 1524 haec
1009 1472 1202 1524 verba:
1267 1471 1622 1523 «Persuasum
1690 1469 1862 1521 habeo
1916 1466 2055 1519 nihil
2093 1485 2176 1518 me
2215 1466 2281 1518 ab
2333 1464 2521 1517 ortho-

472 1547 611 1599 doxa
649 1547 751 1598 fide
790 1551 886 1599 aut
925 1547 1168 1614 symbolo
1209 1545 1432 1597 Nicaeno
1474 1543 1808 1597 discessisse:
1851 1559 2016 1611 quare
2036 1540 2288 1594 Vestram
2310 1538 2522 1592 Sancti-

472 1625 642 1673 tatem
692 1639 846 1690 rogO,
899 1626 963 1673 ut
1014 1639 1192 1673 coram
1245 1623 1484 1688 exponat
1534 1622 1749 1671 rectene
1802 1621 1857 1669 et
1906 1616 2181 1684 inculpate
2228 1618 2523 1682 sanctoque

471 1695 553 1747 illi
613 1695 852 1748 Concilio
911 1694 1293 1747 convenienter
1351 1694 1466 1745 ham
1523 1691 1846 1761 scripserim,
1906 1709 1977 1741 an
2035 1708 2235 1742 secus.»
2333 1687 2522 1740 Patres

475 1770 660 1822 audita
701 1770 934 1838 epistola
974 1768 1026 1822 S.
1051 1768 1255 1836 Cyrilli,
1298 1768 1485 1821 ordine
1525 1766 1851 1819 sententiam
1890 1765 2165 1817 tulerunt:
2212 1761 2524 1814 «Nicaenum

473 1844 776 1912 symbolum
816 1848 871 1897 et
910 1844 1196 1912 epistolam
1235 1842 1429 1911 cyrilli
1470 1860 1564 1910 per
1606 1840 1786 1893 omnia
1826 1842 2186 1891 consentanea
2214 1841 2269 1890 et
2296 1855 2522 1888 consen-

473 1918 670 1971 tientia
710 1937 873 1971 esse.»
953 1918 1099 1970 Idem
1139 1937 1170 1969 a
1210 1916 1262 1970 S.
1306 1917 1509 1985 Cyrillo
1564 1915 1850 1984 quaesitum
1889 1913 1951 1964 de
1991 1912 2223 1982 epistola
2261 1909 2522 1973 Nestorii,

474 1994 536 2044 de
577 1993 670 2044 illa
710 1993 956 2062 epistola,
1000 2011 1158 2061 quam
1199 1990 1251 2044 S.
1277 1991 1598 2044 Coelestinus
1640 1988 2003 2056 blasphemam
2044 1991 2098 2039 et
2137 1986 2356 2055 impiam
2395 2003 2522 2053 pro-

474 2068 855 2120 nunciaverat:
902 2066 1230 2136 «Numquid,
1270 2066 1673 2135 interrogatum
1712 2067 1811 2127 est,
1852 2062 1965 2113 haec
2004 2062 2120 2130 ipsa
2159 2078 2372 2130 quoque
2399 2058 2523 2110 fidei

473 2160 504 2193 a
543 2147 730 2194 sancta
769 2140 1116 2194 Nicaenorum
1170 2141 1394 2193 Patrum
1448 2138 1655 2207 synodo
1708 2136 1965 2206 expositae
2013 2139 2374 2187 consentanea
2413 2150 2526 2184 esse

473 2216 764 2277 videretur,
805 2235 875 2267 an
914 2218 1102 2268 non‘?>›
1184 2215 1372 2268 Patres
1412 2213 1597 2266 audita
1637 2211 1866 2281 epistola
1906 2210 2094 2263 ordine
2134 2213 2383 2262 censent:
2443 2206 2524 2258 «A

474 2290 719 2358 symbolo
740 2289 962 2342 Nicaeno
989 2290 1383 2342 dissentaneam
1409 2292 1572 2356 atque
1599 2305 1660 2339 eo
1686 2286 2095 2354 improbatam.»
2155 2284 2242 2336 En
2262 2282 2527 2352 judicium

475 2364 628 2416 Rom.
670 2364 953 2416 Pontificis
1006 2364 1065 2415 in
1118 2363 1338 2432 synodis
1388 2361 1726 2415 oecumenicis
1775 2363 2127 2412 retractatum
2189 2361 2242 2411 et
2290 2375 2432 2410 novo
2473 2359 2527 2407 et

475 2457 600 2491 vero
642 2439 891 2501 examini,
934 2457 1076 2491 novo
1118 2443 1172 2491 et
1211 2457 1338 2490 vero
1373 2436 1578 2507 judicio
1619 2436 1935 2503 subjectum.

625 2512 908 2565 Sententia
959 2513 1037 2565 ita
1089 2512 1482 2580 pronunciata:
1540 2509 1759 2561 «Coacti
1813 2527 1907 2576 per
1968 2526 2148 2560 sacros
2189 2506 2432 2559 Canones
2472 2507 2526 2557 et

475 2586 691 2639 litteras
732 2586 1055 2638 sanctissimi
1095 2585 1272 2637 Patris
1325 2584 1502 2637 nostri
1553 2587 1607 2635 et
1646 2582 2006 2635 comministri
2055 2581 2330 2634 Coelestini
2370 2580 2522 2632 Rom.

477 2660 712 2726 ecclesia}
752 2660 1025 2729 Episcopi,
1066 2660 1131 2711 ad
1172 2660 1310 2711 hanc
1350 2656 1675 2710 sententiam
1716 2656 1989 2708 venimus:
2032 2656 2298 2707 Dominus
2338 2658 2525 2706 noster

475 2734 633 2788 Jesus
674 2734 923 2788 Christus
964 2753 1056 2803 per
1095 2734 1234 2786 hanc
1273 2736 1511 2785 sanctam
1564 2730 1830 2798 synodum
1867 2728 2181 2782 Nestorium
2235 2727 2526 2797 episcopali

477 2809 748 2880 dignitate
785 2809 1061 2878 privatum
1101 2826 1212 2861 esse
1253 2806 1494 2859 definit.»

626 2882 790 2950 Vides
841 2901 1072 2936 canones
1125 2883 1443 2951 conjunctos
1497 2897 1616 2932 cum
1656 2877 1930 2931 Coelestini
1968 2875 2184 2939 litteriS,
2246 2875 2373 2944 quia
2411 2893 2523 2927 non

477 2958 535 3010 in
575 2956 737 3010 unius
788 2957 943 3012 Rom.
995 2957 1278 3011 Pontificis
1328 2954 1670 3016 auctoritate,
1724 2952 1813 3005 sed
1866 2952 1923 3003 in
1976 2950 2328 3003 consensione
2368 2949 2522 3002 Rom.

478 3032 759 3085 Pontificis
817 3050 937 3085 cum
993 3035 1113 3086 tota
1170 3030 1407 3083 Ecclesia
1457 3046 1662 3080 summa
1711 3025 2085 3079 ecclesiasticae
2142 3024 2429 3093 potestatis
2471 3027 2524 3075 et

479 3107 778 3177 magisterii
815 3126 846 3159 a
886 3106 1104 3161 Christo
1146 3105 1408 3158 collocata
1446 3107 1544 3156 est.

629 3179 761 3233 Cum
810 3181 867 3233 in
914 3181 1126 3235 actione
1176 3179 1408 3233 secunda
1457 3175 1830 3246 pervenissent
1882 3172 2074 3243 Legati
2127 3171 2178 3225 S.
2230 3170 2523 3235 Coelestini,

480 3253 618 3306 lecta
675 3259 757 3308 est
811 3255 870 3307 in
912 3255 1152 3308 Concilio
1212 3252 1444 3323 epistola
1490 3249 1782 3313 Coelestini,
1841 3267 2002 3317 quam
2057 3246 2225 3316 legati
2281 3247 2524 3300 ferebant

482 3345 748 3397 quamque
786 3347 950 3398 supra
987 3329 1288 3383 attulimus,
1368 3326 1482 3390 Qua
1520 3325 1704 3377 audita
1728 3341 1926 3376 *omnes
1966 3321 2223 3390 Episcopi
2262 3322 2524 3374 clamave-

484 3406 642 3454 runt:
688 3402 839 3454 «Hoc
869 3405 1079 3471 justum
1111 3402 1391 3472 judicium,
1468 3398 1625 3452 Novo
1648 3397 1815 3451 Paulo
1839 3395 2145 3459 Coelestino,
2184 3413 2325 3448 novo
2352 3394 2522 3447 Paulo

485 3475 708 3544 Cyrillo,
749 3475 1037 3529 Coelestino
1078 3476 1292 3531 custodi
1327 3475 1471 3539 fidei,
1515 3472 1808 3527 Coele-§tino
1851 3488 1968 3524 cum
2019 3471 2215 3538 synodo
2266 3469 2520 3531 concordi,

485 3549 775 3603 Coelestino
814 3550 1067 3602 universa
1105 3551 1346 3619 synodus
1385 3548 1592 3620 gratias
1619 3546 1750 3617 agit.
1825 3544 1981 3598 Unus
2003 3543 2341 3609 Coelestinus,
2381 3560 2523 3595 unus

486 3623 738 3694 Cyrillus,
779 3642 887 3677 una
925 3623 1057 3676 fides
1094 3625 1304 3692 synodi,
1345 3643 1452 3676 una
1494 3622 1621 3676 fides
1661 3619 1819 3675 Orbis
1859 3623 2179 3672 terrarum.»
2437 3619 2448 3628 ‘

631 3697 827 3753 Postea
865 3696 1057 3768 Legati
1107 3698 1477 3767 postularunt,
1531 3699 1592 3750 ut
1628 3699 1750 3750 aeta
1787 3693 2173 3764 relegerentur,
2227 3695 2326 3745 «ut
2361 3693 2523 3762 juxta
