<?xml version="1.0" encoding="UTF-8"?>
<!DOCTYPE html PUBLIC "-//W3C//DTD XHTML 1.0 Transitional//EN"
    "http://www.w3.org/TR/xhtml1/DTD/xhtml1-transitional.dtd">
<html xmlns="http://www.w3.org/1999/xhtml" xml:lang="en" lang="en">
 <head>
  <title>
</title>
<meta http-equiv="Content-Type" content="text/html;charset=utf-8" />
  <meta name='ocr-system' content='tesseract 3.04.00' />
  <meta name='ocr-capabilities' content='ocr_page ocr_carea ocr_par ocr_line ocrx_word'/>
</head>
<body>
  <div class='ocr_page' id='page_1' title='image "./a582484600frieuoft_0094.png"; bbox 0 0 2722 4146; ppageno 0'>
   <div class='ocr_carea' id='block_1_1' title="bbox 497 294 565 351">
    <p class='ocr_par' dir='ltr' id='par_1_1' title="bbox 497 294 565 351">
     <span class='ocr_line' id='line_1_1' title="bbox 497 294 565 351; baseline 0 0"><span class='ocrx_word' id='word_1_1' title='bbox 497 294 565 351; x_wconf 79' lang='lat'>89.</span> 
     </span>
    </p>
   </div>
   <div class='ocr_carea' id='block_1_2' title="bbox 489 436 2599 3781">
    <p class='ocr_par' dir='ltr' id='par_1_2' title="bbox 494 436 2544 951">
     <span class='ocr_line' id='line_1_2' title="bbox 496 436 2544 514; baseline -0 -16"><span class='ocrx_word' id='word_1_2' title='bbox 496 445 670 498; x_wconf 92' lang='lat' dir='ltr'>dictos</span> <span class='ocrx_word' id='word_1_3' title='bbox 709 441 987 497; x_wconf 72' lang='lat' dir='ltr'>articulos.</span> <span class='ocrx_word' id='word_1_4' title='bbox 1067 436 1378 495; x_wconf 81' lang='lat' dir='ltr'>Cardinales</span> <span class='ocrx_word' id='word_1_5' title='bbox 1432 437 1684 512; x_wconf 84' lang='lat' dir='ltr'>legerunt</span> <span class='ocrx_word' id='word_1_6' title='bbox 1741 457 1938 513; x_wconf 85' lang='lat' dir='ltr'>eosque</span> <span class='ocrx_word' id='word_1_7' title='bbox 1986 439 2303 514; x_wconf 83' lang='lat' dir='ltr'>rejecerunt,</span> <span class='ocrx_word' id='word_1_8' title='bbox 2343 440 2544 513; x_wconf 83' lang='lat' dir='ltr'>praeter</span> 
     </span>
     <span class='ocr_line' id='line_1_3' title="bbox 495 516 2543 588; baseline 0 -17"><span class='ocrx_word' id='word_1_9' title='bbox 495 519 747 588; x_wconf 89' lang='lat' dir='ltr'>primum,</span> <span class='ocrx_word' id='word_1_10' title='bbox 787 538 818 571; x_wconf 93' lang='lat' dir='ltr'>a</span> <span class='ocrx_word' id='word_1_11' title='bbox 858 537 963 588; x_wconf 92' lang='lat' dir='ltr'>quo</span> <span class='ocrx_word' id='word_1_12' title='bbox 1003 521 1183 570; x_wconf 88' lang='lat' dir='ltr'>tamen</span> <span class='ocrx_word' id='word_1_13' title='bbox 1223 516 1441 585; x_wconf 90' lang='lat' dir='ltr'>dempta</span> <span class='ocrx_word' id='word_1_14' title='bbox 1480 517 1770 570; x_wconf 86' lang='lat' dir='ltr'>voluerunt</span> <span class='ocrx_word' id='word_1_15' title='bbox 1823 517 1920 570; x_wconf 89' lang='lat' dir='ltr'>illa</span> <span class='ocrx_word' id='word_1_16' title='bbox 1975 518 2138 571; x_wconf 86' lang='lat' dir='ltr'>verba</span> <span class='ocrx_word' id='word_1_17' title='bbox 2153 535 2172 574; x_wconf 73' lang='grc' dir='ltr'>ε,</span> <span class='ocrx_word' id='word_1_18' title='bbox 2225 518 2316 570; x_wconf 76' lang='lat' dir='ltr'>«in</span> <span class='ocrx_word' id='word_1_19' title='bbox 2370 519 2543 584; x_wconf 78' lang='lat' dir='ltr'>capite</span> 
     </span>
     <span class='ocr_line' id='line_1_4' title="bbox 497 590 2543 661; baseline -0 -15"><span class='ocrx_word' id='word_1_20' title='bbox 497 599 546 646; x_wconf 75' lang='lat' dir='ltr'>et</span> <span class='ocrx_word' id='word_1_21' title='bbox 585 595 641 646; x_wconf 76' lang='lat' dir='ltr'>in</span> <span class='ocrx_word' id='word_1_22' title='bbox 680 594 978 646; x_wconf 71' lang='lat' dir='ltr'>membris.»</span> <span class='ocrx_word' id='word_1_23' title='bbox 1061 591 1210 661; x_wconf 89' lang='lat' dir='ltr'>Ergo</span> <span class='ocrx_word' id='word_1_24' title='bbox 1250 590 1542 644; x_wconf 89' lang='lat' dir='ltr'>articulum</span> <span class='ocrx_word' id='word_1_25' title='bbox 1581 591 1832 660; x_wconf 90' lang='lat' dir='ltr'>primum,</span> <span class='ocrx_word' id='word_1_26' title='bbox 1873 592 2104 661; x_wconf 90' lang='lat' dir='ltr'>demptis</span> <span class='ocrx_word' id='word_1_27' title='bbox 2147 592 2260 644; x_wconf 89' lang='lat' dir='ltr'>illis</span> <span class='ocrx_word' id='word_1_28' title='bbox 2307 591 2543 656; x_wconf 81' lang='lat' dir='ltr'>vocibuS‚</span> 
     </span>
     <span class='ocr_line' id='line_1_5' title="bbox 494 665 2539 737; baseline -0.001 -17"><span class='ocrx_word' id='word_1_29' title='bbox 494 669 968 737; x_wconf 86' lang='lat' dir='ltr'>approbaverunt;</span> <span class='ocrx_word' id='word_1_30' title='bbox 1009 665 1063 718; x_wconf 96' lang='lat' dir='ltr'>id</span> <span class='ocrx_word' id='word_1_31' title='bbox 1102 669 1198 730; x_wconf 88' lang='lat' dir='ltr'>est,</span> <span class='ocrx_word' id='word_1_32' title='bbox 1242 666 1715 734; x_wconf 84' lang='lat' dir='ltr'>approbaverunt:</span> <span class='ocrx_word' id='word_1_33' title='bbox 1774 665 2108 720; x_wconf 86' lang='lat' dir='ltr'>«Concilium</span> <span class='ocrx_word' id='word_1_34' title='bbox 2157 666 2539 719; x_wconf 91' lang='lat' dir='ltr'>oecumenicum</span> 
     </span>
     <span class='ocr_line' id='line_1_6' title="bbox 496 738 2544 811; baseline -0.001 -16"><span class='ocrx_word' id='word_1_35' title='bbox 496 743 737 811; x_wconf 87' lang='lat' dir='ltr'>accipere</span> <span class='ocrx_word' id='word_1_36' title='bbox 776 740 1081 794; x_wconf 77' lang='lat' dir='ltr'>immediate</span> <span class='ocrx_word' id='word_1_37' title='bbox 1119 759 1150 792; x_wconf 92' lang='lat' dir='ltr'>a</span> <span class='ocrx_word' id='word_1_38' title='bbox 1190 738 1408 792; x_wconf 88' lang='lat' dir='ltr'>Christo</span> <span class='ocrx_word' id='word_1_39' title='bbox 1448 743 1793 809; x_wconf 84' lang='lat' dir='ltr'>potestatem,</span> <span class='ocrx_word' id='word_1_40' title='bbox 1836 741 1922 793; x_wconf 92' lang='lat' dir='ltr'>cui</span> <span class='ocrx_word' id='word_1_41' title='bbox 1961 742 2122 794; x_wconf 89' lang='lat' dir='ltr'>etiam</span> <span class='ocrx_word' id='word_1_42' title='bbox 2156 739 2303 810; x_wconf 90' lang='lat' dir='ltr'>Papa</span> <span class='ocrx_word' id='word_1_43' title='bbox 2330 740 2544 793; x_wconf 90' lang='lat' dir='ltr'>obedire</span> 
     </span>
     <span class='ocr_line' id='line_1_7' title="bbox 494 814 2543 885; baseline -0.001 -16"><span class='ocrx_word' id='word_1_44' title='bbox 494 820 728 879; x_wconf 89' lang='lat' dir='ltr'>tenetur,</span> <span class='ocrx_word' id='word_1_45' title='bbox 770 815 828 867; x_wconf 91' lang='lat' dir='ltr'>in</span> <span class='ocrx_word' id='word_1_46' title='bbox 867 814 968 879; x_wconf 85' lang='lat' dir='ltr'>his,</span> <span class='ocrx_word' id='word_1_47' title='bbox 1011 833 1128 883; x_wconf 84' lang='lat' dir='ltr'>quae</span> <span class='ocrx_word' id='word_1_48' title='bbox 1169 817 1419 883; x_wconf 86' lang='lat' dir='ltr'>spectant</span> <span class='ocrx_word' id='word_1_49' title='bbox 1466 814 1531 866; x_wconf 88' lang='lat' dir='ltr'>ad</span> <span class='ocrx_word' id='word_1_50' title='bbox 1584 814 1757 880; x_wconf 90' lang='lat' dir='ltr'>fidem,</span> <span class='ocrx_word' id='word_1_51' title='bbox 1813 815 1880 867; x_wconf 90' lang='lat' dir='ltr'>ad</span> <span class='ocrx_word' id='word_1_52' title='bbox 1930 815 2383 885; x_wconf 70' lang='lat' dir='ltr'>exstirpationem</span> <span class='ocrx_word' id='word_1_53' title='bbox 2434 815 2543 867; x_wconf 87' lang='lat' dir='ltr'>hae—</span> 
     </span>
     <span class='ocr_line' id='line_1_8' title="bbox 495 888 1582 951; baseline 0 -10"><span class='ocrx_word' id='word_1_54' title='bbox 495 909 686 951; x_wconf 77' lang='lat' dir='ltr'>resum,</span> <span class='ocrx_word' id='word_1_55' title='bbox 729 889 794 941; x_wconf 91' lang='lat' dir='ltr'>ad</span> <span class='ocrx_word' id='word_1_56' title='bbox 833 889 1276 942; x_wconf 87' lang='lat' dir='ltr'>reformationem</span> <span class='ocrx_word' id='word_1_57' title='bbox 1315 888 1582 941; x_wconf 80' lang='lat' dir='ltr'>Ecclesiae.</span> 
     </span>
    </p>

    <p class='ocr_par' dir='ltr' id='par_1_3' title="bbox 494 962 2546 1623">
     <span class='ocr_line' id='line_1_9' title="bbox 643 962 2541 1033; baseline -0.001 -18"><span class='ocrx_word' id='word_1_58' title='bbox 643 964 743 1015; x_wconf 89' lang='lat' dir='ltr'>Die</span> <span class='ocrx_word' id='word_1_59' title='bbox 788 969 869 1018; x_wconf 86' lang='lat'>30.</span> <span class='ocrx_word' id='word_1_60' title='bbox 926 962 1112 1016; x_wconf 89' lang='lat' dir='ltr'>Martii</span> <span class='ocrx_word' id='word_1_61' title='bbox 1152 963 1340 1016; x_wconf 89' lang='lat' dir='ltr'>Patres</span> <span class='ocrx_word' id='word_1_62' title='bbox 1395 963 1693 1033; x_wconf 85' lang='lat' dir='ltr'>pergebant</span> <span class='ocrx_word' id='word_1_63' title='bbox 1747 963 2058 1016; x_wconf 89' lang='lat' dir='ltr'>solemniter</span> <span class='ocrx_word' id='word_1_64' title='bbox 2111 963 2175 1016; x_wconf 88' lang='lat' dir='ltr'>ad</span> <span class='ocrx_word' id='word_1_65' title='bbox 2233 963 2541 1016; x_wconf 79' lang='lat' dir='ltr'>sessionem.</span> 
     </span>
     <span class='ocr_line' id='line_1_10' title="bbox 497 1036 2544 1107; baseline -0 -17"><span class='ocrx_word' id='word_1_66' title='bbox 497 1038 672 1090; x_wconf 80' lang='lat' dir='ltr'>Caesar</span> <span class='ocrx_word' id='word_1_67' title='bbox 714 1057 834 1090; x_wconf 88' lang='lat' dir='ltr'>cum</span> <span class='ocrx_word' id='word_1_68' title='bbox 873 1037 1146 1107; x_wconf 87' lang='lat' dir='ltr'>deputatis</span> <span class='ocrx_word' id='word_1_69' title='bbox 1167 1036 1467 1090; x_wconf 85' lang='lat' dir='ltr'>Nationum</span> <span class='ocrx_word' id='word_1_70' title='bbox 1493 1038 1686 1090; x_wconf 91' lang='lat' dir='ltr'>orabat</span> <span class='ocrx_word' id='word_1_71' title='bbox 1707 1037 2032 1102; x_wconf 81' lang='lat' dir='ltr'>CardinaleS,</span> <span class='ocrx_word' id='word_1_72' title='bbox 2074 1042 2136 1091; x_wconf 90' lang='lat' dir='ltr'>ut</span> <span class='ocrx_word' id='word_1_73' title='bbox 2161 1038 2226 1090; x_wconf 93' lang='lat' dir='ltr'>ad</span> <span class='ocrx_word' id='word_1_74' title='bbox 2255 1038 2544 1090; x_wconf 82' lang='lat' dir='ltr'>sessionem</span> 
     </span>
     <span class='ocr_line' id='line_1_11' title="bbox 499 1111 2542 1174; baseline 0 -11"><span class='ocrx_word' id='word_1_75' title='bbox 499 1113 913 1165; x_wconf 83' lang='lat' dir='ltr'>intervenirent.</span> <span class='ocrx_word' id='word_1_76' title='bbox 994 1112 1129 1174; x_wconf 83' lang='lat' dir='ltr'>Quid</span> <span class='ocrx_word' id='word_1_77' title='bbox 1168 1112 1310 1164; x_wconf 89' lang='lat' dir='ltr'>inter</span> <span class='ocrx_word' id='word_1_78' title='bbox 1353 1111 1661 1164; x_wconf 87' lang='lat' dir='ltr'>Cardinales</span> <span class='ocrx_word' id='word_1_79' title='bbox 1702 1116 1755 1164; x_wconf 87' lang='lat' dir='ltr'>et</span> <span class='ocrx_word' id='word_1_80' title='bbox 1796 1113 2056 1166; x_wconf 85' lang='lat' dir='ltr'>Caesarem</span> <span class='ocrx_word' id='word_1_81' title='bbox 2087 1116 2414 1165; x_wconf 89' lang='lat' dir='ltr'>conventum</span> <span class='ocrx_word' id='word_1_82' title='bbox 2453 1111 2542 1174; x_wconf 84' lang='lat' dir='ltr'>sit,</span> 
     </span>
     <span class='ocr_line' id='line_1_12' title="bbox 499 1185 2544 1257; baseline -0 -20"><span class='ocrx_word' id='word_1_83' title='bbox 499 1187 803 1257; x_wconf 89' lang='lat' dir='ltr'>ignoratur.</span> <span class='ocrx_word' id='word_1_84' title='bbox 884 1187 964 1239; x_wconf 80' lang='lat' dir='ltr'>Ex</span> <span class='ocrx_word' id='word_1_85' title='bbox 1004 1186 1138 1239; x_wconf 88' lang='lat' dir='ltr'>actis</span> <span class='ocrx_word' id='word_1_86' title='bbox 1179 1185 1514 1239; x_wconf 81' lang='lat' dir='ltr'>Constantiae</span> <span class='ocrx_word' id='word_1_87' title='bbox 1552 1186 1751 1238; x_wconf 84' lang='lat' dir='ltr'>habitis</span> <span class='ocrx_word' id='word_1_88' title='bbox 1800 1187 1941 1238; x_wconf 89' lang='lat' dir='ltr'>nihil</span> <span class='ocrx_word' id='word_1_89' title='bbox 1982 1186 2095 1239; x_wconf 90' lang='lat' dir='ltr'>erui</span> <span class='ocrx_word' id='word_1_90' title='bbox 2142 1190 2339 1256; x_wconf 85' lang='lat' dir='ltr'>potest.</span> <span class='ocrx_word' id='word_1_91' title='bbox 2416 1186 2544 1238; x_wconf 87' lang='lat' dir='ltr'>Em-</span> 
     </span>
     <span class='ocr_line' id='line_1_13' title="bbox 498 1260 2546 1323; baseline -0 -11"><span class='ocrx_word' id='word_1_92' title='bbox 498 1262 713 1314; x_wconf 83' lang='lat' dir='ltr'>manuel</span> <span class='ocrx_word' id='word_1_93' title='bbox 755 1260 1116 1314; x_wconf 88' lang='lat' dir='ltr'>Scheelstrate</span> <span class='ocrx_word' id='word_1_94' title='bbox 1156 1260 1432 1313; x_wconf 87' lang='lat' dir='ltr'>existimat</span> <span class='ocrx_word' id='word_1_95' title='bbox 1472 1264 1740 1313; x_wconf 87' lang='lat' dir='ltr'>statutum</span> <span class='ocrx_word' id='word_1_96' title='bbox 1779 1260 1961 1323; x_wconf 74' lang='lat' dir='ltr'>fuisse,</span> <span class='ocrx_word' id='word_1_97' title='bbox 2014 1265 2076 1313; x_wconf 93' lang='lat' dir='ltr'>ut</span> <span class='ocrx_word' id='word_1_98' title='bbox 2116 1279 2178 1312; x_wconf 88' lang='lat' dir='ltr'>ex</span> <span class='ocrx_word' id='word_1_99' title='bbox 2232 1261 2445 1313; x_wconf 89' lang='lat' dir='ltr'>decreto</span> <span class='ocrx_word' id='word_1_100' title='bbox 2486 1279 2546 1311; x_wconf 91' lang='lat' dir='ltr'>ea</span> 
     </span>
     <span class='ocr_line' id='line_1_14' title="bbox 494 1334 2545 1404; baseline -0.001 -16"><span class='ocrx_word' id='word_1_101' title='bbox 494 1337 840 1399; x_wconf 86' lang='lat' dir='ltr'>tollerentur,</span> <span class='ocrx_word' id='word_1_102' title='bbox 884 1354 1001 1404; x_wconf 83' lang='lat' dir='ltr'>quae</span> <span class='ocrx_word' id='word_1_103' title='bbox 1041 1335 1403 1404; x_wconf 79' lang='lat' dir='ltr'>respiciebant</span> <span class='ocrx_word' id='word_1_104' title='bbox 1442 1338 1768 1403; x_wconf 89' lang='lat' dir='ltr'>potestatem</span> <span class='ocrx_word' id='word_1_105' title='bbox 1795 1335 2092 1388; x_wconf 79' lang='lat' dir='ltr'>coactivam</span> <span class='ocrx_word' id='word_1_106' title='bbox 2128 1334 2354 1387; x_wconf 84' lang='lat' dir='ltr'>Concilii</span> <span class='ocrx_word' id='word_1_107' title='bbox 2383 1353 2545 1403; x_wconf 89' lang='lat' dir='ltr'>supra</span> 
     </span>
     <span class='ocr_line' id='line_1_15' title="bbox 495 1408 2544 1479; baseline -0.001 -18"><span class='ocrx_word' id='word_1_108' title='bbox 495 1410 712 1479; x_wconf 80' lang='lat' dir='ltr'>Papam,</span> <span class='ocrx_word' id='word_1_109' title='bbox 756 1429 854 1462; x_wconf 90' lang='lat' dir='ltr'>nec</span> <span class='ocrx_word' id='word_1_110' title='bbox 894 1429 1006 1462; x_wconf 90' lang='lat' dir='ltr'>non</span> <span class='ocrx_word' id='word_1_111' title='bbox 1048 1413 1101 1462; x_wconf 89' lang='lat' dir='ltr'>et</span> <span class='ocrx_word' id='word_1_112' title='bbox 1141 1409 1236 1461; x_wconf 91' lang='lat' dir='ltr'>illa</span> <span class='ocrx_word' id='word_1_113' title='bbox 1275 1410 1454 1474; x_wconf 90' lang='lat' dir='ltr'>verba,</span> <span class='ocrx_word' id='word_1_114' title='bbox 1497 1427 1615 1478; x_wconf 80' lang='lat' dir='ltr'>quae</span> <span class='ocrx_word' id='word_1_115' title='bbox 1653 1410 2016 1478; x_wconf 83' lang='lat' dir='ltr'>loquebantur</span> <span class='ocrx_word' id='word_1_116' title='bbox 2057 1409 2121 1461; x_wconf 89' lang='lat' dir='ltr'>de</span> <span class='ocrx_word' id='word_1_117' title='bbox 2160 1408 2544 1462; x_wconf 85' lang='lat' dir='ltr'>reformatione</span> 
     </span>
     <span class='ocr_line' id='line_1_16' title="bbox 495 1483 2544 1554; baseline -0 -19"><span class='ocrx_word' id='word_1_118' title='bbox 495 1485 551 1536; x_wconf 90' lang='lat' dir='ltr'>in</span> <span class='ocrx_word' id='word_1_119' title='bbox 594 1485 768 1554; x_wconf 88' lang='lat' dir='ltr'>capite</span> <span class='ocrx_word' id='word_1_120' title='bbox 808 1489 861 1537; x_wconf 91' lang='lat' dir='ltr'>et</span> <span class='ocrx_word' id='word_1_121' title='bbox 903 1485 962 1536; x_wconf 93' lang='lat' dir='ltr'>in</span> <span class='ocrx_word' id='word_1_122' title='bbox 1000 1483 1269 1536; x_wconf 88' lang='lat' dir='ltr'>membris.</span> <span class='ocrx_word' id='word_1_123' title='bbox 1352 1483 1700 1549; x_wconf 86' lang='lat' dir='ltr'>(Dissertatio</span> <span class='ocrx_word' id='word_1_124' title='bbox 1742 1483 1782 1538; x_wconf 92' lang='lat' dir='ltr'>I.</span> <span class='ocrx_word' id='word_1_125' title='bbox 1827 1502 1939 1553; x_wconf 89' lang='lat' dir='ltr'>cap.</span> <span class='ocrx_word' id='word_1_126' title='bbox 1985 1485 2058 1550; x_wconf 84' lang='lat'>2.)</span> <span class='ocrx_word' id='word_1_127' title='bbox 2138 1483 2237 1536; x_wconf 91' lang='lat' dir='ltr'>His</span> <span class='ocrx_word' id='word_1_128' title='bbox 2297 1484 2544 1535; x_wconf 90' lang='lat' dir='ltr'>omnibus</span> 
     </span>
     <span class='ocr_line' id='line_1_17' title="bbox 496 1558 2329 1623; baseline 0 -13"><span class='ocrx_word' id='word_1_129' title='bbox 496 1564 560 1611; x_wconf 90' lang='lat' dir='ltr'>ut</span> <span class='ocrx_word' id='word_1_130' title='bbox 599 1559 739 1611; x_wconf 91' lang='lat' dir='ltr'>veris</span> <span class='ocrx_word' id='word_1_131' title='bbox 779 1559 1041 1623; x_wconf 81' lang='lat' dir='ltr'>admissis,</span> <span class='ocrx_word' id='word_1_132' title='bbox 1084 1559 1258 1610; x_wconf 87' lang='lat' dir='ltr'>ad&#39;huc</span> <span class='ocrx_word' id='word_1_133' title='bbox 1297 1558 1502 1611; x_wconf 87' lang='lat' dir='ltr'>intacta</span> <span class='ocrx_word' id='word_1_134' title='bbox 1542 1559 1851 1610; x_wconf 87' lang='lat' dir='ltr'>remanebat</span> <span class='ocrx_word' id='word_1_135' title='bbox 1891 1558 2195 1611; x_wconf 87' lang='lat' dir='ltr'>substantia</span> <span class='ocrx_word' id='word_1_136' title='bbox 2234 1558 2329 1610; x_wconf 88' lang='lat' dir='ltr'>rei.</span> 
     </span>
    </p>

    <p class='ocr_par' dir='ltr' id='par_1_4' title="bbox 494 1631 2546 1999">
     <span class='ocr_line' id='line_1_18' title="bbox 644 1631 2543 1701; baseline -0.002 -16"><span class='ocrx_word' id='word_1_137' title='bbox 644 1633 699 1687; x_wconf 91' lang='lat' dir='ltr'>P.</span> <span class='ocrx_word' id='word_1_138' title='bbox 759 1632 1105 1701; x_wconf 87' lang='lat' dir='ltr'>Maimbourg</span> <span class='ocrx_word' id='word_1_139' title='bbox 1157 1633 1454 1685; x_wconf 83' lang='lat' dir='ltr'>observatis</span> <span class='ocrx_word' id='word_1_140' title='bbox 1505 1633 1892 1701; x_wconf 83' lang='lat' dir='ltr'>manuscriptis</span> <span class='ocrx_word' id='word_1_141' title='bbox 1956 1633 2224 1696; x_wconf 88' lang='lat' dir='ltr'>adfirmat,</span> <span class='ocrx_word' id='word_1_142' title='bbox 2285 1631 2543 1684; x_wconf 80' lang='lat' dir='ltr'>Caesarem</span> 
     </span>
     <span class='ocr_line' id='line_1_19' title="bbox 494 1706 2543 1777; baseline -0.002 -17"><span class='ocrx_word' id='word_1_143' title='bbox 494 1708 821 1777; x_wconf 79' lang='lat' dir='ltr'>persuasisse</span> <span class='ocrx_word' id='word_1_144' title='bbox 877 1708 1058 1759; x_wconf 87' lang='lat' dir='ltr'>omnia</span> <span class='ocrx_word' id='word_1_145' title='bbox 1113 1707 1505 1770; x_wconf 73' lang='lat' dir='ltr'>CardinalibUS,</span> <span class='ocrx_word' id='word_1_146' title='bbox 1550 1706 1836 1758; x_wconf 87' lang='lat' dir='ltr'>dummodo</span> <span class='ocrx_word' id='word_1_147' title='bbox 1888 1707 2372 1776; x_wconf 80' lang='lat' dir='ltr'>supprimerentur,</span> <span class='ocrx_word' id='word_1_148' title='bbox 2426 1723 2543 1774; x_wconf 82' lang='lat' dir='ltr'>quae</span> 
     </span>
     <span class='ocr_line' id='line_1_20' title="bbox 495 1781 2546 1851; baseline -0.002 -17"><span class='ocrx_word' id='word_1_149' title='bbox 495 1783 858 1851; x_wconf 89' lang='lat' dir='ltr'>respiciebant</span> <span class='ocrx_word' id='word_1_150' title='bbox 898 1785 1224 1851; x_wconf 87' lang='lat' dir='ltr'>potestatem</span> <span class='ocrx_word' id='word_1_151' title='bbox 1266 1781 1494 1834; x_wconf 87' lang='lat' dir='ltr'>Concilii</span> <span class='ocrx_word' id='word_1_152' title='bbox 1536 1799 1700 1849; x_wconf 90' lang='lat' dir='ltr'>supra</span> <span class='ocrx_word' id='word_1_153' title='bbox 1739 1781 1955 1849; x_wconf 86' lang='lat' dir='ltr'>Papam,</span> <span class='ocrx_word' id='word_1_154' title='bbox 2005 1785 2226 1849; x_wconf 84' lang='lat' dir='ltr'>excepta</span> <span class='ocrx_word' id='word_1_155' title='bbox 2278 1784 2546 1848; x_wconf 80' lang='lat' dir='ltr'>potestate</span> 
     </span>
     <span class='ocr_line' id='line_1_21' title="bbox 495 1853 2543 1926; baseline -0.002 -17"><span class='ocrx_word' id='word_1_156' title='bbox 495 1858 827 1909; x_wconf 85' lang='lat' dir='ltr'>reformandi</span> <span class='ocrx_word' id='word_1_157' title='bbox 886 1856 1104 1926; x_wconf 88' lang='lat' dir='ltr'>Papam.</span> <span class='ocrx_word' id='word_1_158' title='bbox 1202 1855 1410 1909; x_wconf 87' lang='lat' dir='ltr'>Iterum</span> <span class='ocrx_word' id='word_1_159' title='bbox 1467 1859 1694 1924; x_wconf 90' lang='lat' dir='ltr'>apparet</span> <span class='ocrx_word' id='word_1_160' title='bbox 1753 1857 1831 1906; x_wconf 88' lang='lat' dir='ltr'>rei</span> <span class='ocrx_word' id='word_1_161' title='bbox 1892 1855 2252 1908; x_wconf 83' lang='lat' dir='ltr'>substantiam</span> <span class='ocrx_word' id='word_1_162' title='bbox 2291 1855 2356 1906; x_wconf 87' lang='lat' dir='ltr'>ab</span> <span class='ocrx_word' id='word_1_163' title='bbox 2413 1853 2543 1922; x_wconf 82' lang='lat' dir='ltr'>ipsis</span> 
     </span>
     <span class='ocr_line' id='line_1_22' title="bbox 495 1930 1484 1999; baseline -0.003 -16"><span class='ocrx_word' id='word_1_164' title='bbox 495 1931 872 1984; x_wconf 87' lang='lat' dir='ltr'>Cardinalibus</span> <span class='ocrx_word' id='word_1_165' title='bbox 913 1931 1078 1983; x_wconf 87' lang='lat' dir='ltr'>fuisse</span> <span class='ocrx_word' id='word_1_166' title='bbox 1117 1930 1484 1999; x_wconf 85' lang='lat' dir='ltr'>adprobatam.</span> 
     </span>
    </p>

    <p class='ocr_par' dir='ltr' id='par_1_5' title="bbox 489 2002 2542 2282">
     <span class='ocr_line' id='line_1_23' title="bbox 642 2002 2542 2067; baseline -0.003 -10"><span class='ocrx_word' id='word_1_167' title='bbox 642 2005 844 2058; x_wconf 88' lang='lat' dir='ltr'>Habita</span> <span class='ocrx_word' id='word_1_168' title='bbox 884 2006 990 2058; x_wconf 86' lang='lat' dir='ltr'>fuit</span> <span class='ocrx_word' id='word_1_169' title='bbox 1042 2006 1237 2067; x_wconf 82' lang='lat' dir='ltr'>sessi03</span> <span class='ocrx_word' id='word_1_170' title='bbox 1291 2004 1437 2056; x_wconf 81' lang='lat' dir='ltr'>Rms.</span> <span class='ocrx_word' id='word_1_171' title='bbox 1494 2003 1771 2055; x_wconf 88' lang='lat' dir='ltr'>Zabarella</span> <span class='ocrx_word' id='word_1_172' title='bbox 1819 2003 2123 2056; x_wconf 82' lang='lat' dir='ltr'>Cardinalis</span> <span class='ocrx_word' id='word_1_173' title='bbox 2175 2002 2542 2064; x_wconf 76' lang='lat' dir='ltr'>FlorentinUS,</span> 
     </span>
     <span class='ocr_line' id='line_1_24' title="bbox 489 2077 2539 2148; baseline -0.002 -16"><span class='ocrx_word' id='word_1_174' title='bbox 489 2081 574 2133; x_wconf 92' lang='lat' dir='ltr'>cui</span> <span class='ocrx_word' id='word_1_175' title='bbox 617 2080 956 2133; x_wconf 90' lang='lat' dir='ltr'>commissum</span> <span class='ocrx_word' id='word_1_176' title='bbox 1004 2080 1183 2132; x_wconf 88' lang='lat' dir='ltr'>fuerat</span> <span class='ocrx_word' id='word_1_177' title='bbox 1232 2098 1428 2131; x_wconf 89' lang='lat' dir='ltr'>munus</span> <span class='ocrx_word' id='word_1_178' title='bbox 1468 2078 1680 2148; x_wconf 90' lang='lat' dir='ltr'>legendi</span> <span class='ocrx_word' id='word_1_179' title='bbox 1721 2078 1932 2131; x_wconf 85' lang='lat' dir='ltr'>decreta</span> <span class='ocrx_word' id='word_1_180' title='bbox 1971 2078 2202 2147; x_wconf 85' lang='lat' dir='ltr'>publice,</span> <span class='ocrx_word' id='word_1_181' title='bbox 2257 2077 2440 2129; x_wconf 86' lang='lat' dir='ltr'>omisit</span> <span class='ocrx_word' id='word_1_182' title='bbox 2480 2094 2539 2127; x_wconf 91' lang='lat' dir='ltr'>ea</span> 
     </span>
     <span class='ocr_line' id='line_1_25' title="bbox 491 2150 2538 2220; baseline -0.003 -13"><span class='ocrx_word' id='word_1_183' title='bbox 491 2155 679 2207; x_wconf 87' lang='lat' dir='ltr'>verba:</span> <span class='ocrx_word' id='word_1_184' title='bbox 740 2156 829 2207; x_wconf 71' lang='lat' dir='ltr'>«in</span> <span class='ocrx_word' id='word_1_185' title='bbox 882 2155 1054 2220; x_wconf 71' lang='lat' dir='ltr'>capite</span> <span class='ocrx_word' id='word_1_186' title='bbox 1102 2158 1150 2206; x_wconf 70' lang='lat' dir='ltr'>et</span> <span class='ocrx_word' id='word_1_187' title='bbox 1191 2154 1245 2206; x_wconf 76' lang='lat' dir='ltr'>in</span> <span class='ocrx_word' id='word_1_188' title='bbox 1283 2154 1582 2218; x_wconf 50' lang='lat' dir='ltr'>membris»</span> <span class='ocrx_word' id='word_1_189' title='bbox 1636 2153 1776 2204; x_wconf 90' lang='lat' dir='ltr'>uude</span> <span class='ocrx_word' id='word_1_190' title='bbox 1826 2154 2094 2206; x_wconf 85' lang='lat' dir='ltr'>tumultus</span> <span class='ocrx_word' id='word_1_191' title='bbox 2147 2152 2323 2204; x_wconf 87' lang='lat' dir='ltr'>factus</span> <span class='ocrx_word' id='word_1_192' title='bbox 2363 2155 2444 2202; x_wconf 87' lang='lat' dir='ltr'>est</span> <span class='ocrx_word' id='word_1_193' title='bbox 2483 2150 2538 2201; x_wconf 87' lang='lat' dir='ltr'>in</span> 
     </span>
     <span class='ocr_line' id='line_1_26' title="bbox 491 2229 762 2282; baseline 0 -2"><span class='ocrx_word' id='word_1_194' title='bbox 491 2229 762 2282; x_wconf 89' lang='lat' dir='ltr'>Patribus.</span> 
     </span>
    </p>

    <p class='ocr_par' dir='ltr' id='par_1_6' title="bbox 490 2299 2541 2876">
     <span class='ocr_line' id='line_1_27' title="bbox 564 2299 2537 2373; baseline -0.004 -17"><span class='ocrx_word' id='word_1_195' title='bbox 564 2330 575 2343; x_wconf 92' lang='lat'><strong>·</strong></span> <span class='ocrx_word' id='word_1_196' title='bbox 637 2303 695 2356; x_wconf 91' lang='lat' dir='ltr'>P.</span> <span class='ocrx_word' id='word_1_197' title='bbox 737 2302 1079 2373; x_wconf 89' lang='lat' dir='ltr'>Maimbourg</span> <span class='ocrx_word' id='word_1_198' title='bbox 1136 2302 1313 2355; x_wconf 86' lang='lat' dir='ltr'>adfert</span> <span class='ocrx_word' id='word_1_199' title='bbox 1372 2302 1477 2355; x_wconf 89' lang='lat' dir='ltr'>duo</span> <span class='ocrx_word' id='word_1_200' title='bbox 1537 2300 1906 2370; x_wconf 87' lang='lat' dir='ltr'>manuscripta</span> <span class='ocrx_word' id='word_1_201' title='bbox 1965 2318 2026 2352; x_wconf 87' lang='lat' dir='ltr'>ex</span> <span class='ocrx_word' id='word_1_202' title='bbox 2079 2299 2130 2354; x_wconf 88' lang='lat' dir='ltr'>S.</span> <span class='ocrx_word' id='word_1_203' title='bbox 2186 2300 2425 2363; x_wconf 86' lang='lat' dir='ltr'>Victore,</span> <span class='ocrx_word' id='word_1_204' title='bbox 2482 2299 2537 2349; x_wconf 90' lang='lat' dir='ltr'>in</span> 
     </span>
     <span class='ocr_line' id='line_1_28' title="bbox 490 2373 2540 2447; baseline -0.003 -17"><span class='ocrx_word' id='word_1_205' title='bbox 490 2378 687 2447; x_wconf 89' lang='lat' dir='ltr'>quibus</span> <span class='ocrx_word' id='word_1_206' title='bbox 728 2383 858 2431; x_wconf 88' lang='lat' dir='ltr'>sunt</span> <span class='ocrx_word' id='word_1_207' title='bbox 898 2383 952 2431; x_wconf 94' lang='lat' dir='ltr'>et</span> <span class='ocrx_word' id='word_1_208' title='bbox 991 2378 1087 2430; x_wconf 89' lang='lat' dir='ltr'>illa</span> <span class='ocrx_word' id='word_1_209' title='bbox 1126 2378 1314 2429; x_wconf 88' lang='lat' dir='ltr'>verba:</span> <span class='ocrx_word' id='word_1_210' title='bbox 1372 2378 1459 2429; x_wconf 67' lang='lat' dir='ltr'>«in</span> <span class='ocrx_word' id='word_1_211' title='bbox 1515 2377 1687 2443; x_wconf 75' lang='lat' dir='ltr'>capite</span> <span class='ocrx_word' id='word_1_212' title='bbox 1727 2381 1775 2428; x_wconf 81' lang='lat' dir='ltr'>et</span> <span class='ocrx_word' id='word_1_213' title='bbox 1814 2378 1871 2428; x_wconf 70' lang='lat' dir='ltr'>in</span> <span class='ocrx_word' id='word_1_214' title='bbox 1910 2375 2208 2429; x_wconf 57' lang='lat' dir='ltr'>membris»)</span> <span class='ocrx_word' id='word_1_215' title='bbox 2299 2373 2540 2426; x_wconf 84' lang='lat' dir='ltr'>Econtra</span> 
     </span>
     <span class='ocr_line' id='line_1_29' title="bbox 492 2447 2540 2518; baseline -0.003 -14"><span class='ocrx_word' id='word_1_216' title='bbox 492 2452 842 2504; x_wconf 90' lang='lat' dir='ltr'>Hermannus</span> <span class='ocrx_word' id='word_1_217' title='bbox 884 2471 989 2504; x_wconf 89' lang='lat' dir='ltr'>von</span> <span class='ocrx_word' id='word_1_218' title='bbox 1031 2452 1125 2504; x_wconf 90' lang='lat' dir='ltr'>der</span> <span class='ocrx_word' id='word_1_219' title='bbox 1163 2451 1342 2503; x_wconf 91' lang='lat' dir='ltr'>Hardt</span> <span class='ocrx_word' id='word_1_220' title='bbox 1380 2451 1556 2503; x_wconf 87' lang='lat' dir='ltr'>adfert</span> <span class='ocrx_word' id='word_1_221' title='bbox 1597 2454 1799 2518; x_wconf 87' lang='lat' dir='ltr'>septem</span> <span class='ocrx_word' id='word_1_222' title='bbox 1838 2449 2220 2518; x_wconf 81' lang='lat' dir='ltr'>manuscripta,</span> <span class='ocrx_word' id='word_1_223' title='bbox 2262 2449 2320 2499; x_wconf 90' lang='lat' dir='ltr'>in</span> <span class='ocrx_word' id='word_1_224' title='bbox 2347 2447 2540 2517; x_wconf 87' lang='lat' dir='ltr'>quibus</span> 
     </span>
     <span class='ocr_line' id='line_1_30' title="bbox 490 2521 2537 2582; baseline -0.003 -4"><span class='ocrx_word' id='word_1_225' title='bbox 490 2545 550 2578; x_wconf 89' lang='lat' dir='ltr'>ea</span> <span class='ocrx_word' id='word_1_226' title='bbox 589 2527 752 2578; x_wconf 85' lang='lat' dir='ltr'>verba</span> <span class='ocrx_word' id='word_1_227' title='bbox 790 2527 1004 2578; x_wconf 87' lang='lat' dir='ltr'>desunt.</span> <span class='ocrx_word' id='word_1_228' title='bbox 1084 2525 1300 2577; x_wconf 86' lang='lat' dir='ltr'>Pariter</span> <span class='ocrx_word' id='word_1_229' title='bbox 1340 2525 1524 2576; x_wconf 90' lang='lat' dir='ltr'>omissi</span> <span class='ocrx_word' id='word_1_230' title='bbox 1564 2525 1787 2576; x_wconf 89' lang='lat' dir='ltr'>fuerunt</span> <span class='ocrx_word' id='word_1_231' title='bbox 1827 2524 1884 2575; x_wconf 91' lang='lat' dir='ltr'>in</span> <span class='ocrx_word' id='word_1_232' title='bbox 1924 2523 2156 2576; x_wconf 86' lang='lat' dir='ltr'>lectione</span> <span class='ocrx_word' id='word_1_233' title='bbox 2194 2522 2414 2575; x_wconf 89' lang='lat' dir='ltr'>articuli</span> <span class='ocrx_word' id='word_1_234' title='bbox 2439 2521 2537 2582; x_wconf 89' lang='lat' dir='ltr'>illi,</span> 
     </span>
     <span class='ocr_line' id='line_1_31' title="bbox 492 2596 2541 2670; baseline -0.002 -18"><span class='ocrx_word' id='word_1_235' title='bbox 492 2601 584 2670; x_wconf 86' lang='lat' dir='ltr'>qui</span> <span class='ocrx_word' id='word_1_236' title='bbox 624 2600 983 2668; x_wconf 86' lang='lat' dir='ltr'>respiciebant</span> <span class='ocrx_word' id='word_1_237' title='bbox 1038 2602 1366 2668; x_wconf 88' lang='lat' dir='ltr'>potestatem</span> <span class='ocrx_word' id='word_1_238' title='bbox 1419 2599 1714 2650; x_wconf 84' lang='lat' dir='ltr'>coactivam</span> <span class='ocrx_word' id='word_1_239' title='bbox 1757 2597 1988 2649; x_wconf 86' lang='lat' dir='ltr'>Concilii</span> <span class='ocrx_word' id='word_1_240' title='bbox 2042 2616 2206 2666; x_wconf 89' lang='lat' dir='ltr'>supra</span> <span class='ocrx_word' id='word_1_241' title='bbox 2245 2596 2447 2665; x_wconf 79' lang='lat' dir='ltr'>Papam</span> <span class='ocrx_word' id='word_1_242' title='bbox 2487 2599 2541 2647; x_wconf 88' lang='lat' dir='ltr'>et</span> 
     </span>
     <span class='ocr_line' id='line_1_32' title="bbox 491 2670 2538 2742; baseline -0.003 -15"><span class='ocrx_word' id='word_1_243' title='bbox 491 2675 801 2727; x_wconf 84' lang='lat' dir='ltr'>libertatem</span> <span class='ocrx_word' id='word_1_244' title='bbox 859 2673 1091 2742; x_wconf 86' lang='lat' dir='ltr'>plenam,</span> <span class='ocrx_word' id='word_1_245' title='bbox 1165 2691 1271 2741; x_wconf 91' lang='lat' dir='ltr'>qua</span> <span class='ocrx_word' id='word_1_246' title='bbox 1330 2671 1517 2724; x_wconf 87' lang='lat' dir='ltr'>Patres</span> <span class='ocrx_word' id='word_1_247' title='bbox 1578 2671 1911 2723; x_wconf 61' lang='lat' dir='ltr'>Constantia}</span> <span class='ocrx_word' id='word_1_248' title='bbox 1981 2672 2291 2723; x_wconf 89' lang='lat' dir='ltr'>utebantur.</span> <span class='ocrx_word' id='word_1_249' title='bbox 2390 2670 2538 2738; x_wconf 88' lang='lat' dir='ltr'>Ergo</span> 
     </span>
     <span class='ocr_line' id='line_1_33' title="bbox 493 2745 2536 2816; baseline -0.005 -14"><span class='ocrx_word' id='word_1_250' title='bbox 493 2748 707 2802; x_wconf 89' lang='lat' dir='ltr'>omissis</span> <span class='ocrx_word' id='word_1_251' title='bbox 746 2747 847 2810; x_wconf 83' lang='lat' dir='ltr'>his,</span> <span class='ocrx_word' id='word_1_252' title='bbox 878 2748 935 2799; x_wconf 92' lang='lat' dir='ltr'>in</span> <span class='ocrx_word' id='word_1_253' title='bbox 958 2748 1153 2816; x_wconf 89' lang='lat' dir='ltr'>quibus</span> <span class='ocrx_word' id='word_1_254' title='bbox 1182 2764 1364 2799; x_wconf 89' lang='lat' dir='ltr'>omnes</span> <span class='ocrx_word' id='word_1_255' title='bbox 1391 2765 1501 2798; x_wconf 91' lang='lat' dir='ltr'>non</span> <span class='ocrx_word' id='word_1_256' title='bbox 1534 2746 1883 2809; x_wconf 89' lang='lat' dir='ltr'>conveniunt,</span> <span class='ocrx_word' id='word_1_257' title='bbox 1914 2748 2116 2797; x_wconf 88' lang='lat' dir='ltr'>certum</span> <span class='ocrx_word' id='word_1_258' title='bbox 2141 2748 2237 2807; x_wconf 86' lang='lat' dir='ltr'>est,</span> <span class='ocrx_word' id='word_1_259' title='bbox 2267 2745 2536 2796; x_wconf 86' lang='lat' dir='ltr'>decretum</span> 
     </span>
     <span class='ocr_line' id='line_1_34' title="bbox 495 2822 1042 2876; baseline -0.005 0"><span class='ocrx_word' id='word_1_260' title='bbox 495 2825 572 2876; x_wconf 88' lang='lat' dir='ltr'>ita</span> <span class='ocrx_word' id='word_1_261' title='bbox 613 2823 812 2875; x_wconf 92' lang='lat' dir='ltr'>lectum</span> <span class='ocrx_word' id='word_1_262' title='bbox 851 2822 1042 2874; x_wconf 87' lang='lat' dir='ltr'>fuisse:</span> 
     </span>
    </p>

    <p class='ocr_par' dir='ltr' id='par_1_7' title="bbox 495 2889 2536 3042">
     <span class='ocr_line' id='line_1_35' title="bbox 645 2889 2536 2956; baseline -0.004 -8"><span class='ocrx_word' id='word_1_263' title='bbox 645 2898 744 2950; x_wconf 79' lang='lat' dir='ltr'>«ln</span> <span class='ocrx_word' id='word_1_264' title='bbox 784 2896 1001 2950; x_wconf 90' lang='lat' dir='ltr'>nomine</span> <span class='ocrx_word' id='word_1_265' title='bbox 1040 2894 1252 2948; x_wconf 75' lang='lat' dir='ltr'>Sanctae</span> <span class='ocrx_word' id='word_1_266' title='bbox 1292 2897 1349 2947; x_wconf 90' lang='lat' dir='ltr'>et</span> <span class='ocrx_word' id='word_1_267' title='bbox 1386 2893 1734 2946; x_wconf 87' lang='lat' dir='ltr'>indivisibilis</span> <span class='ocrx_word' id='word_1_268' title='bbox 1761 2891 2070 2956; x_wconf 60' lang='lat' dir='ltr'>Trinitatis,</span> <span class='ocrx_word' id='word_1_269' title='bbox 2111 2891 2290 2944; x_wconf 90' lang='lat' dir='ltr'>Patris</span> <span class='ocrx_word' id='word_1_270' title='bbox 2333 2894 2386 2943; x_wconf 92' lang='lat' dir='ltr'>et</span> <span class='ocrx_word' id='word_1_271' title='bbox 2415 2889 2536 2942; x_wconf 88' lang='lat' dir='ltr'>Filii</span> 
     </span>
     <span class='ocr_line' id='line_1_36' title="bbox 495 2968 1343 3042; baseline -0.006 -17"><span class='ocrx_word' id='word_1_272' title='bbox 495 2978 549 3025; x_wconf 90' lang='lat' dir='ltr'>et</span> <span class='ocrx_word' id='word_1_273' title='bbox 589 2971 830 3042; x_wconf 82' lang='lat' dir='ltr'>Spiritus</span> <span class='ocrx_word' id='word_1_274' title='bbox 871 2969 1075 3024; x_wconf 81' lang='lat' dir='ltr'>Sancti.</span> <span class='ocrx_word' id='word_1_275' title='bbox 1155 2968 1343 3022; x_wconf 89' lang='lat' dir='ltr'>Amen.</span> 
     </span>
    </p>

    <p class='ocr_par' dir='ltr' id='par_1_8' title="bbox 498 3039 2539 3559">
     <span class='ocr_line' id='line_1_37' title="bbox 642 3039 2535 3113; baseline -0.005 -14"><span class='ocrx_word' id='word_1_276' title='bbox 642 3046 770 3098; x_wconf 79' lang='lat' dir='ltr'>Haec</span> <span class='ocrx_word' id='word_1_277' title='bbox 828 3049 1015 3099; x_wconf 88' lang='lat' dir='ltr'>sancta</span> <span class='ocrx_word' id='word_1_278' title='bbox 1074 3043 1324 3113; x_wconf 86' lang='lat' dir='ltr'>Synodus</span> <span class='ocrx_word' id='word_1_279' title='bbox 1385 3040 1847 3104; x_wconf 79' lang='lat' dir='ltr'>ConstantiensiS,</span> <span class='ocrx_word' id='word_1_280' title='bbox 1919 3041 2168 3111; x_wconf 86' lang='lat' dir='ltr'>generale</span> <span class='ocrx_word' id='word_1_281' title='bbox 2237 3039 2535 3092; x_wconf 86' lang='lat' dir='ltr'>Concilium</span> 
     </span>
     <span class='ocr_line' id='line_1_38' title="bbox 503 3114 2539 3189; baseline -0.003 -18"><span class='ocrx_word' id='word_1_282' title='bbox 503 3121 723 3185; x_wconf 81' lang='lat' dir='ltr'>facienS,</span> <span class='ocrx_word' id='word_1_283' title='bbox 765 3139 865 3189; x_wconf 90' lang='lat' dir='ltr'>pro</span> <span class='ocrx_word' id='word_1_284' title='bbox 905 3117 1297 3188; x_wconf 86' lang='lat' dir='ltr'>exstirpatione</span> <span class='ocrx_word' id='word_1_285' title='bbox 1335 3116 1621 3186; x_wconf 80' lang='lat' dir='ltr'>praesentis</span> <span class='ocrx_word' id='word_1_286' title='bbox 1647 3115 1947 3169; x_wconf 84' lang='lat' dir='ltr'>schismatis</span> <span class='ocrx_word' id='word_1_287' title='bbox 1975 3119 2030 3167; x_wconf 90' lang='lat' dir='ltr'>et</span> <span class='ocrx_word' id='word_1_288' title='bbox 2055 3116 2257 3167; x_wconf 91' lang='lat' dir='ltr'>unione</span> <span class='ocrx_word' id='word_1_289' title='bbox 2278 3133 2339 3166; x_wconf 90' lang='lat' dir='ltr'>ac</span> <span class='ocrx_word' id='word_1_290' title='bbox 2364 3114 2539 3166; x_wconf 88' lang='lat' dir='ltr'>refor—</span> 
     </span>
     <span class='ocr_line' id='line_1_39' title="bbox 499 3188 2537 3261; baseline -0.004 -14"><span class='ocrx_word' id='word_1_291' title='bbox 499 3196 734 3247; x_wconf 89' lang='lat' dir='ltr'>matione</span> <span class='ocrx_word' id='word_1_292' title='bbox 774 3194 1027 3247; x_wconf 84' lang='lat' dir='ltr'>Ecclesiae</span> <span class='ocrx_word' id='word_1_293' title='bbox 1069 3194 1149 3261; x_wconf 92' lang='lat' dir='ltr'>(in</span> <span class='ocrx_word' id='word_1_294' title='bbox 1204 3192 1380 3261; x_wconf 90' lang='lat' dir='ltr'>capite</span> <span class='ocrx_word' id='word_1_295' title='bbox 1419 3196 1474 3244; x_wconf 92' lang='lat' dir='ltr'>et</span> <span class='ocrx_word' id='word_1_296' title='bbox 1513 3191 1570 3242; x_wconf 92' lang='lat' dir='ltr'>in</span> <span class='ocrx_word' id='word_1_297' title='bbox 1619 3189 1894 3257; x_wconf 88' lang='lat' dir='ltr'>membris)</span> <span class='ocrx_word' id='word_1_298' title='bbox 1955 3189 2144 3253; x_wconf 90' lang='lat' dir='ltr'>fienda,</span> <span class='ocrx_word' id='word_1_299' title='bbox 2205 3189 2271 3240; x_wconf 90' lang='lat' dir='ltr'>ad</span> <span class='ocrx_word' id='word_1_300' title='bbox 2329 3188 2537 3240; x_wconf 88' lang='lat' dir='ltr'>laudem</span> 
     </span>
     <span class='ocr_line' id='line_1_40' title="bbox 498 3263 2536 3336; baseline -0.004 -15"><span class='ocrx_word' id='word_1_301' title='bbox 498 3268 893 3336; x_wconf 86' lang='lat' dir='ltr'>omnipotentis</span> <span class='ocrx_word' id='word_1_302' title='bbox 919 3267 1037 3332; x_wconf 87' lang='lat' dir='ltr'>Dei,</span> <span class='ocrx_word' id='word_1_303' title='bbox 1079 3268 1137 3320; x_wconf 91' lang='lat' dir='ltr'>in</span> <span class='ocrx_word' id='word_1_304' title='bbox 1165 3265 1371 3335; x_wconf 89' lang='lat' dir='ltr'>Spiritu</span> <span class='ocrx_word' id='word_1_305' title='bbox 1402 3269 1589 3318; x_wconf 89' lang='lat' dir='ltr'>sancto</span> <span class='ocrx_word' id='word_1_306' title='bbox 1618 3263 1856 3335; x_wconf 85' lang='lat' dir='ltr'>legitime</span> <span class='ocrx_word' id='word_1_307' title='bbox 1883 3267 2226 3334; x_wconf 86' lang='lat' dir='ltr'>congregata,</span> <span class='ocrx_word' id='word_1_308' title='bbox 2258 3263 2323 3314; x_wconf 91' lang='lat' dir='ltr'>ad</span> <span class='ocrx_word' id='word_1_309' title='bbox 2352 3280 2536 3314; x_wconf 85' lang='lat' dir='ltr'>conse-</span> 
     </span>
     <span class='ocr_line' id='line_1_41' title="bbox 498 3336 2536 3413; baseline -0.004 -18"><span class='ocrx_word' id='word_1_310' title='bbox 498 3343 763 3413; x_wconf 88' lang='lat' dir='ltr'>quendam</span> <span class='ocrx_word' id='word_1_311' title='bbox 802 3342 1030 3406; x_wconf 80' lang='lat' dir='ltr'>faciliuS,</span> <span class='ocrx_word' id='word_1_312' title='bbox 1071 3341 1326 3406; x_wconf 80' lang='lat' dir='ltr'>securiuS,</span> <span class='ocrx_word' id='word_1_313' title='bbox 1367 3339 1589 3392; x_wconf 89' lang='lat' dir='ltr'>liberius</span> <span class='ocrx_word' id='word_1_314' title='bbox 1629 3344 1685 3392; x_wconf 88' lang='lat' dir='ltr'>et</span> <span class='ocrx_word' id='word_1_315' title='bbox 1723 3337 1939 3390; x_wconf 89' lang='lat' dir='ltr'>uberius</span> <span class='ocrx_word' id='word_1_316' title='bbox 1980 3338 2233 3391; x_wconf 89' lang='lat' dir='ltr'>unionem</span> <span class='ocrx_word' id='word_1_317' title='bbox 2272 3342 2325 3390; x_wconf 90' lang='lat' dir='ltr'>et</span> <span class='ocrx_word' id='word_1_318' title='bbox 2363 3336 2536 3388; x_wconf 82' lang='lat' dir='ltr'>refor-</span> 
     </span>
     <span class='ocr_line' id='line_1_42' title="bbox 499 3410 2536 3483; baseline -0.003 -15"><span class='ocrx_word' id='word_1_319' title='bbox 499 3416 794 3470; x_wconf 89' lang='lat' dir='ltr'>mationem</span> <span class='ocrx_word' id='word_1_320' title='bbox 831 3415 1083 3468; x_wconf 84' lang='lat' dir='ltr'>Ecclesiae</span> <span class='ocrx_word' id='word_1_321' title='bbox 1123 3415 1242 3481; x_wconf 90' lang='lat' dir='ltr'>Dei,</span> <span class='ocrx_word' id='word_1_322' title='bbox 1301 3413 1539 3479; x_wconf 88' lang='lat' dir='ltr'>ordinat,</span> <span class='ocrx_word' id='word_1_323' title='bbox 1599 3411 1856 3483; x_wconf 89' lang='lat' dir='ltr'>disponit,</span> <span class='ocrx_word' id='word_1_324' title='bbox 1918 3412 2131 3477; x_wconf 87' lang='lat' dir='ltr'>statuit,</span> <span class='ocrx_word' id='word_1_325' title='bbox 2186 3410 2426 3464; x_wconf 86' lang='lat' dir='ltr'>decernit</span> <span class='ocrx_word' id='word_1_326' title='bbox 2481 3413 2536 3461; x_wconf 89' lang='lat' dir='ltr'>et</span> 
     </span>
     <span class='ocr_line' id='line_1_43' title="bbox 498 3489 1169 3559; baseline -0.004 -15"><span class='ocrx_word' id='word_1_327' title='bbox 498 3490 754 3555; x_wconf 88' lang='lat' dir='ltr'>declarat,</span> <span class='ocrx_word' id='word_1_328' title='bbox 796 3492 858 3542; x_wconf 89' lang='lat' dir='ltr'>ut</span> <span class='ocrx_word' id='word_1_329' title='bbox 897 3489 1169 3559; x_wconf 88' lang='lat' dir='ltr'>sequitur:</span> 
     </span>
    </p>

    <p class='ocr_par' dir='ltr' id='par_1_9' title="bbox 501 3557 2599 3781">
     <span class='ocr_line' id='line_1_44' title="bbox 647 3557 2532 3633; baseline -0.005 -15"><span class='ocrx_word' id='word_1_330' title='bbox 647 3563 721 3618; x_wconf 87' lang='lat' dir='ltr'>Et</span> <span class='ocrx_word' id='word_1_331' title='bbox 775 3562 970 3633; x_wconf 84' lang='lat' dir='ltr'>prim0‚</span> <span class='ocrx_word' id='word_1_332' title='bbox 1030 3563 1173 3631; x_wconf 90' lang='lat' dir='ltr'>quod</span> <span class='ocrx_word' id='word_1_333' title='bbox 1230 3563 1347 3633; x_wconf 89' lang='lat' dir='ltr'>ipsa</span> <span class='ocrx_word' id='word_1_334' title='bbox 1385 3560 1635 3632; x_wconf 87' lang='lat' dir='ltr'>Synodus</span> <span class='ocrx_word' id='word_1_335' title='bbox 1691 3561 1751 3613; x_wconf 89' lang='lat' dir='ltr'>in</span> <span class='ocrx_word' id='word_1_336' title='bbox 1789 3557 2000 3629; x_wconf 88' lang='lat' dir='ltr'>Spiritu</span> <span class='ocrx_word' id='word_1_337' title='bbox 2049 3563 2235 3613; x_wconf 90' lang='lat' dir='ltr'>sancto</span> <span class='ocrx_word' id='word_1_338' title='bbox 2293 3557 2532 3628; x_wconf 85' lang='lat' dir='ltr'>legitime</span> 
     </span>
     <span class='ocr_line' id='line_1_45' title="bbox 501 3631 2599 3710; baseline -0.006 -17"><span class='ocrx_word' id='word_1_339' title='bbox 501 3641 859 3710; x_wconf 87' lang='lat' dir='ltr'>congregata,</span> <span class='ocrx_word' id='word_1_340' title='bbox 917 3638 1165 3707; x_wconf 86' lang='lat' dir='ltr'>generale</span> <span class='ocrx_word' id='word_1_341' title='bbox 1204 3635 1526 3690; x_wconf 68' lang='lat' dir='ltr'>&#39;Concilium</span> <span class='ocrx_word' id='word_1_342' title='bbox 1578 3634 1808 3700; x_wconf 85' lang='lat' dir='ltr'>faciens,</span> <span class='ocrx_word' id='word_1_343' title='bbox 1866 3633 2159 3687; x_wconf 83' lang='lat' dir='ltr'>Ecclesiam</span> <span class='ocrx_word' id='word_1_344' title='bbox 2216 3631 2533 3686; x_wconf 90' lang='lat' dir='ltr'>catholicam</span> <span class='ocrx_word' id='word_1_345' title='bbox 2588 3700 2599 3707; x_wconf 74' lang='lat'>.</span> 
     </span>
     <span class='ocr_line' id='line_1_46' title="bbox 502 3705 2531 3781; baseline -0.005 -14"><span class='ocrx_word' id='word_1_346' title='bbox 502 3714 824 3768; x_wconf 88' lang='lat' dir='ltr'>militantem</span> <span class='ocrx_word' id='word_1_347' title='bbox 863 3715 1276 3781; x_wconf 76' lang='lat' dir='ltr'>repraesentanS,</span> <span class='ocrx_word' id='word_1_348' title='bbox 1316 3714 1640 3780; x_wconf 86' lang='lat' dir='ltr'>potestatem</span> <span class='ocrx_word' id='word_1_349' title='bbox 1681 3707 1982 3762; x_wconf 86' lang='lat' dir='ltr'>immediate</span> <span class='ocrx_word' id='word_1_350' title='bbox 2021 3727 2051 3760; x_wconf 91' lang='lat' dir='ltr'>a</span> <span class='ocrx_word' id='word_1_351' title='bbox 2090 3707 2310 3761; x_wconf 81' lang='lat' dir='ltr'>Christo</span> <span class='ocrx_word' id='word_1_352' title='bbox 2352 3705 2531 3769; x_wconf 88' lang='lat' dir='ltr'>habet,</span> 
     </span>
    </p>
   </div>
  </div>
 </body>
</html>
