2722 4146
476 309 546 363 34

1415 451 1573 544 ΙΠ.

621 605 760 659 Tota
798 601 1095 672 antiquitas
1135 618 1342 671 semper
1382 600 1612 653 credidit
1651 602 1706 653 et
1731 597 1942 653 docuit:
1985 598 2262 653 Christum
2286 617 2398 652 non
2422 597 2520 653 uni

475 680 640 734 Petro
681 682 1021 748 potestatem,
1063 675 1153 729 sed
1192 679 1247 729 et
1285 675 1511 745 reliquis
1549 672 1833 744 Apostolis
1862 674 2183 728 contulisse:
2224 673 2291 726 ad
2320 674 2523 728 consti-

478 754 736 808 tuendam
774 751 1067 805 Ecclesiam
1106 750 1387 803 docentem
1426 753 1712 819 utramque
1751 749 2103 802 necessariam
2143 767 2273 813 esse,
2313 748 2370 800 in
2394 748 2521 801 har-

481 829 692 882 monica
730 826 932 879 unione
973 825 1273 894 utriusque,
1328 825 1385 877 in
1425 842 1690 878 consensu
1731 824 2070 876 ecclesiarum
2122 842 2243 876 cum
2281 822 2523 875 Ecclesia

478 903 740 965 Romana,
781 904 952 953 matre
992 903 1046 953 et
1084 899 1375 970 magistra:
1416 899 1475 951 in
1503 916 1767 952 consensu
1795 897 2192 967 Episcoporum
2218 915 2338 950 cum
2363 896 2520 950 Rom.

476 976 765 1039 Pontifice,
817 992 1066 1043 supremo
1121 974 1276 1038 duce,
1331 973 1618 1043 coryphaeo
1671 977 1726 1026 et
1775 973 1973 1042 capite,
2033 973 2353 1026 collocatam
2410 989 2522 1024 esse

468 1067 771 1119 supremam
785 1049 1169 1102 auctoritatem
1182 1048 1451 1112 Ecclesiae,
1470 1065 1778 1117 supremum
1797 1047 2189 1118 magisterium,
2210 1064 2519 1116 supremum

460 1124 740 1194 judicium.
819 1123 899 1176 De
938 1123 1135 1176 ultima
1174 1127 1230 1176 et
1269 1141 1519 1191 suprema
1557 1122 1886 1175 auctoritate
1924 1121 2194 1185 Ecclesiae,
2235 1121 2300 1173 de
2326 1121 2518 1174 ultimo

466 1203 521 1252 et
563 1217 812 1268 supremo
851 1197 1167 1268 magisterio
1209 1200 1263 1250 et
1295 1196 1531 1266 judicio;
1588 1197 1651 1249 de
1703 1196 1894 1250 ultima
1934 1201 1990 1249 et
2041 1213 2291 1264 suprema
2329 1195 2518 1265 regula

466 1273 591 1326 fidei
642 1276 874 1343 egerunt
924 1271 1173 1340 inprimis
1218 1271 1268 1323 T
1265 1271 1601 1335 ertullicmus,
1657 1270 1710 1324 S.
1758 1270 2079 1339 Cyprianus‘,
2135 1268 2191 1323 S.
2243 1270 2513 1334 Ινεπαεαε,

465 1346 519 1400 S.
573 1347 928 1415 Auyustio·zuS‚
989 1346 1300 1400 Gennadius
1360 1351 1409 1398 et
1470 1345 1778 1399 Vincentius
1838 1345 2161 1403 Lireuensis,
2226 1349 2280 1397 et
2330 1344 2515 1395 nullus

465 1422 636 1486 docet,
680 1421 737 1474 in
777 1440 885 1474 11110
926 1425 980 1474 εὴ
1019 1421 1135 1474 8010
1179 1420 1423 1474 Romano
1463 1418 1731 1474 Pontifice
1771 1420 2003 1472 residere
2029 1437 2332 1488 supremam
2359 1422 2515 1487 pote-

465 1501 678 1561 statem,
720 1513 1026 1564 supremum
1055 1495 1443 1565 magisterium,
1473 1494 1720 1548 ultimam
1746 1495 1992 1565 regulam
2020 1493 2171 1546 fidei·
2214 1493 2305 1545 sed
2332 1510 2514 1545 01111168

465 1571 676 1634 docent,
719 1570 857 1624 hanc
895 1570 1126 1622 residere
1164 1569 1222 1621 111
1264 1569 1616 1622 consensione
1665 1569 2013 1622 ecclesiarum
2060 1567 2512 1637 apostolicarum.

466 1645 522 1697 in
563 1663 828 1698 consensu
867 1645 1264 1715 Episcoporum
1304 1663 1424 1697 cum
1464 1644 1619 1696 Rom.
1660 1643 1942 1696 Pontifice.

613 1719 892 1791 Legantur
932 1720 1069 1772 liber
1096 1719 1581 1788 Praescriptionum
1608 1717 1937 1771 Tertulliani
1964 1721 2019 1770 et
2044 1717 2180 1770 liber
2209 1717 2273 1769 de
2300 1715 2512 1769 unitate

467 1793 724 1847 Ecclesiae
764 1793 817 1846 S.
861 1793 1151 1863 Cypriani:
1193 1793 1299 1846 duo
1340 1793 1468 1846 libri
1507 1793 1854 1846 famosissimi
1893 1795 1947 1845 et
1985 1810 2017 1844 a
2042 1795 2162 1847 tota
2187 1791 2515 1859 antiquitate

466 1868 889 1932 celebratissimi,
931 1873 992 1922 ut
1031 1868 1130 1932 illi,
1173 1868 1267 1937 qui
1308 1868 1580 1938 integram
1631 1871 1685 1920 et
1724 1866 2017 1937 genuinam
2055 1866 2118 1918 de
2158 1866 2347 1936 regula
2393 1864 2514 1917 fidei

465 1943 769 1995 doctrinam
800 1943 1116 1996 continent:
1158 1948 1212 1996 et
1239 1946 1375 2013 quot
1402 1947 1533 1996 sunt
1560 1942 1636 1995 ibi
1664 1941 1966 2004 sententiae,
2001 1944 2088 1994 tot
2116 1944 2243 1993 sunt
2272 1939 2515 1992 luculen-

463 2017 675 2070 tissima
711 2017 1043 2082 testimonia,
1083 2036 1196 2071 non
1234 2017 1395 2070 unius
1434 2017 1588 2069 Rom.
1629 2015 1916 2069 Pontificis
1960 2015 2345 2068 auctoritatem
2385 2031 2513 2066 con-

465 2092 692 2144 stituere
731 2111 1039 2161 supremum
1077 2091 1451 2163 magisterium
1490 2095 1547 2145 et
1583 2091 1827 2161 regulam
1866 2089 2005 2154 fidei,
2047 2089 2137 2141 sed
2163 2088 2510 2141 ecclesiarum

463 2166 884 2234 apostolicarum
947 2167 1317 2231 traditionem,
1381 2165 1680 2235 Apostolm
1685 2183 1775 2217 um
1837 2163 2334 2234 Apostolorumque
2391 2180 2519 2215 suc-

464 2259 733 2294 cessorum
783 2241 1086 2293 unanimem
1139 2240 1592 2310 praedicationem,
1644 2239 2041 2308 Episcoporum
2078 2244 2198 2291 tum
2248 2239 2391 2290 inter
2438 2255 2509 2299 se,

463 2319 582 2368 tum
619 2315 889 2384 praecipue
929 2333 1049 2368 cum
1088 2315 1244 2368 Rom.
1288 2315 1527 2399 ecclesia,
1580 2331 1700 2383 quae
1754 2314 1994 2366 omnium
2046 2312 2390 2365 ecclesiarum
2428 2314 2511 2363 est

466 2393 645 2458 caput,
688 2394 935 2442 centrum
974 2394 1029 2442 et
1067 2389 1296 2443 unitatis
1336 2390 1509 2460 origo,
1551 2388 1977 2442 consensionem.

617 2463 983 2517 Tertullianus
1044 2463 1107 2515 de
1170 2463 1681 2532 Praescriptionibus
1745 2462 2151 2515 haereticorum:
2222 2458 2510 2529 «Apostoli

469 2537 718 2589 ecclesias
775 2537 918 2606 apud
977 2555 1403 2605 unamquamque
1466 2536 1741 2588 civitatem
1801 2535 2178 2597 condiderunt,
2237 2554 2268 2587 a
2318 2534 2513 2603 quibus

471 2611 748 2664 traducem
789 2610 913 2662 fidei
940 2614 994 2663 et
1021 2611 1224 2663 semina
1250 2610 1513 2662 doctrinae
1539 2613 1746 2661 caeterae
1772 2609 1965 2661 exinde
1991 2609 2226 2661 ecclesiae
2251 2612 2514 2661 mutuatae

470 2687 602 2738 sunt
660 2688 716 2738 et
771 2684 1014 2754 quotidie
1051 2687 1389 2747 mutuantur,
1447 2686 1510 2736 ut
1565 2682 1801 2735 ecclesiae
1853 2682 2016 2745 fiant3
2075 2700 2136 2734 ac
2175 2700 2270 2750 per
2316 2683 2420 2735 hoc
2459 2685 2516 2734 et

472 2759 604 2828 ipsae
642 2758 955 2828 apostolicae
981 2758 1331 2828 deputantur,
1374 2766 1435 2810 ut
1463 2757 1674 2809 soboles
1700 2755 2124 2825 apostolicarum
2151 2755 2509 2809 ecclesiarum.

471 2832 642 2886 Omne
689 2851 862 2903 genus
911 2833 978 2886 ad
1028 2832 1295 2903 originem
1346 2849 1496 2885 suam
1550 2834 1832 2883 censeatur
1882 2847 2095 2882 necesse
2145 2833 2243 2882 est.
2318 2829 2512 2898 Itaque

473 2911 561 2961 tot
599 2925 664 2960 ac
698 2911 874 2962 tantae
913 2907 1166 2971 ecclesiae,
1206 2925 1315 2959 11113
1353 2910 1435 2959 est
1473 2905 1567 2957 illa
1606 2906 1672 2958 ab
1712 2903 1995 2974 Apostolis
2043 2903 2236 2973 prima,
2290 2922 2354 2956 ex
2405 2922 2511 2972 qua

474 3000 684 3035 omnes:
727 2982 804 3035 sic
843 3001 1027 3036 01111168
1066 2981 1268 3052 prima:
1309 2985 1364 3034 et
1402 2978 1751 3049 Apostolicae,
1792 2979 1919 3031 dum
1957 2997 2121 3030 unam
2161 2997 2345 3031 omnes
2383 2996 2511 3047 pro-

473 3056 608 3109 bant
647 3056 940 3111 unitatem:
994 3057 1122 3109 dum
1171 3066 1254 3109 est
1306 3055 1419 3108 illis
1470 3052 1883 3107 communicatio
1924 3052 2071 3122 pacis
2113 3056 2168 3105 et
2215 3052 2510 3122 appellatio

474 3129 835 3185 fraternitatis
888 3135 944 3185 et
995 3129 1382 3185 contesseratio
1434 3127 1864 3197 hospitalitatis.
1918 3144 2039 3196 quae
2083 3127 2209 3196 jura
2253 3145 2367 3180 non
2405 3126 2512 3191 alja

476 3203 619 3256 ratio
670 3205 830 3275 regit,
890 3225 1051 3276 quam
1099 3204 1336 3275 ejusdem
1381 3201 1702 3256 sacramenti
1759 3220 1867 3254 una
1920 3200 2145 3254 traditio
2187 3242 2198 3253 .
2243 3245 2254 3255 .
2297 3242 2309 3254 .
2368 3200 2512 3253 Hinc

475 3276 662 3346 igitur,
702 3278 881 3349 pergit
908 3279 1298 3344 Tertullianus,
1326 3277 1610 3348 dirigimus
1635 3275 2131 3345 praescriptionem:
2161 3274 2219 3328 Si
2245 3275 2511 3328 Dominus

476 3349 634 3403 Jesus
673 3350 922 3406 Christus
959 3352 1257 3423 Apostolos
1294 3352 1447 3406 misit
1482 3351 1549 3404 ad
1586 3350 2003 3420 praedicandum,
2055 3349 2191 3403 alios
2241 3368 2353 3403 non
2397 3367 2512 3402 esse

476 3424 812 3494 recipiendos
849 3427 1246 3495 praedicatoreS,
1287 3445 1447 3497 quam
1486 3425 1736 3479 Christus
1758 3423 2041 3477 instituit.
2114 3424 2307 3488 ‚Quid
2331 3426 2512 3476 autem

479 3497 907 3568 praedicaverint,
965 3500 1021 3553 id
1078 3505 1183 3566 est,
1246 3501 1375 3571 quid
1431 3499 1543 3553 illis
1601 3497 1848 3552 Christus
1904 3498 2248 3564 revelaverit,
2307 3500 2363 3551 et
2423 3496 2511 3549 hic

479 3571 825 3641 praescribam
861 3591 975 3627 non
1011 3575 1172 3628 aliter
1209 3575 1431 3644 probari
1468 3572 1666 3638 deberi,
1715 3571 1822 3626 nisi
1859 3589 1955 3640 per
1993 3571 2200 3625 easdem
2245 3570 2510 3634 ecclesias,

482 3664 613 3716 quas
650 3645 759 3717 ipsi
794 3644 1050 3717 Apostoli
1088 3649 1463 3714 condiderunt,
1515 3646 1619 3718 ipsi
1672 3646 1748 3700 613
1799 3645 2159 3716 praedicando,
2208 3650 2321 3700 tam
2370 3644 2509 3708 viva,

482 3720 625 3789 quod
661 3722 834 3792 ajunt,
873 3740 1019 3789 voce,
1058 3739 1218 3792 quam
1254 3741 1352 3791 per
1396 3721 1687 3792 epistolas»
1730 3761 1743 3774 .
1785 3760 1799 3774 .
1840 3760 1853 3773 .
1903 3719 2109 3774 Deinde
2156 3720 2366 3791 pergit:
2419 3718 2511 3773 «Si
