2612 4062
2035 144 2139 195 287

106 291 285 342 totum
338 287 520 340 orbem
572 285 896 340 catholicum
947 286 1250 357 vigentium
1311 287 1433 352 fiat,
1497 306 1630 357 quae
1680 306 1711 340 a
1759 287 1955 342 Sancta
2010 286 2142 342 Sede

105 362 437 431 approbetur
478 363 531 413 et
568 359 625 411 in
663 360 835 412 lucem
874 360 1078 415 edatur.

253 434 296 488 I.
337 434 402 487 In
443 435 603 486 rebus
644 434 915 501 lituryicis
954 452 1013 486 ea
1041 453 1248 504 semper
1276 435 1544 488 Ecclesiae
1572 435 1866 488 catholicae
1893 435 2142 489 doctrina

107 514 162 564 et
209 509 392 579 praxis
445 508 579 570 fuit,
639 510 701 559 ut
753 508 893 560 ritus
946 509 1111 573 sacri,
1169 509 1262 579 qui
1313 509 1452 561 veris
1503 510 1705 579 regulis
1759 510 1971 562 divinae
2017 510 2140 562 fidei

105 601 420 652 morumque
462 581 794 634 conveniunt
833 585 886 634 et
924 581 1286 635 Ecclesiarum
1325 583 1702 651 antiquissimo
1744 603 1842 636 usu
1884 585 2141 637 corrobo-

105 662 326 720 rantur,
400 661 662 726 quantum
733 655 849 706 fieri
916 657 1185 724 potuerit,
1245 657 1417 710 illaesi
1489 657 1879 711 custodiantur.
1990 657 2139 711 Sicut

108 731 453 785 orientalium
520 728 878 782 Ecclesiarum
937 729 1163 800 liturgia
1211 731 1525 800 respectivis
1583 733 1798 801 populis
1855 751 1885 783 a
1945 731 2142 785 Sancta

107 806 238 860 Sede
297 805 515 858 summis
576 803 718 855 curis
767 806 820 855 et
872 804 1064 856 studiis
1126 809 1398 869 servatur,
1458 805 1534 858 ita
1585 806 1810 876 liturgia
1867 806 2141 859 Romanae

105 880 387 942 Ecclesiae,
430 878 673 940 veritate,
714 877 1001 946 gravitate,
1044 878 1330 932 sanctitate
1370 883 1423 931 et
1463 879 1664 932 salubri
1705 880 1940 932 efficacia
1979 880 2140 933 mira-

103 956 286 1008 biliter
327 953 608 1015 excellenS,
651 951 897 1003 omnibus
936 952 1166 1005 latinum
1209 953 1375 1005 ritum
1417 954 1778 1022 sequentibus,
1821 954 1898 1006 ita
1940 955 2138 1023 optime

102 1028 450 1098 praecipitur,
492 1031 555 1079 ut
594 1030 709 1079 tum
748 1026 929 1078 unitas
970 1026 1236 1079 Ecclesiae
1277 1028 1692 1091 commendetur,
1735 1031 1850 1080 tum
1890 1029 2139 1099 indigen-

102 1104 195 1156 tiis
246 1102 566 1171 populorum
622 1100 892 1168 sapienter
947 1101 1275 1154 consulatur.
1367 1101 1541 1163 Quum
1588 1102 1732 1154 inter
1770 1101 1868 1154 hos
1909 1104 2140 1170 populos

103 1178 285 1246 plures
345 1176 480 1238 sint,
541 1193 768 1243 quorum
829 1174 1047 1244 linguae
1105 1176 1169 1227 ab
1236 1176 1416 1228 indole
1481 1176 1736 1244 loquendi
1794 1195 2139 1228 romanarum

102 1251 386 1304 nationum
440 1267 596 1317 quam
648 1248 876 1299 maxime
923 1248 1153 1313 distant,
1210 1268 1494 1319 germanae
1535 1255 1588 1302 et
1627 1250 1853 1301 slavicae
1893 1251 2138 1303 nationes

102 1326 366 1378 nonnulla
436 1322 729 1392 peculiaria
794 1322 918 1374 inde
983 1323 1048 1374 ab
1112 1324 1491 1392 antiquissimo
1557 1328 1795 1392 tempore
1860 1324 1919 1376 in
1983 1343 2136 1376 usum

103 1400 455 1462 deduxerunt,
497 1397 662 1449 veluti
699 1396 739 1448 si
781 1396 890 1448 suis
923 1398 1226 1450 vernaculis
1262 1398 1597 1450 orationibus
1626 1402 1678 1449 et
1713 1398 1936 1451 canticis
1963 1417 2137 1452 sacras

103 1474 408 1527 functiones
474 1471 830 1533 comitantur,
911 1472 994 1522 vel
1059 1472 1218 1524 etiam
1283 1471 1634 1540 psalmodiam
1712 1472 1890 1540 patria
1952 1473 2138 1542 lingua

103 1552 369 1600 exercent.
421 1545 612 1599 Sacrae
645 1547 755 1615 jam
785 1545 1210 1616 Congregationi
1238 1546 1458 1598 Rituum
1489 1546 1878 1614 injungendum
1907 1546 2132 1611 videtur,

103 1627 164 1675 ut
215 1623 272 1674 in
323 1620 631 1691 hujusmodi
684 1619 1092 1688 quaestionibus
1146 1639 1254 1673 non
1311 1620 1535 1672 eundem
1596 1620 1843 1672 omnibus
1901 1620 2137 1690 rigorem

101 1697 379 1760 adhibeat,
434 1695 523 1748 sed
571 1693 1017 1746 immemorabiles
1073 1714 1199 1746 usus
1248 1694 1531 1757 salutares,
1591 1698 1904 1746 conservata
1951 1695 2137 1763 utique

101 1771 158 1823 in
199 1769 647 1824 substantialibus
687 1769 896 1821 unitate
937 1768 1231 1832 Ecclesiae,
1273 1787 1384 1820 non
1422 1772 1637 1821 tantun]
1677 1768 1902 1832 toleret,
1955 1769 2044 1821 sed
2086 1773 2140 1822 et

102 1846 415 1914 permittat,
458 1844 564 1896 imo
618 1844 884 1912 approbet
934 1843 1066 1911 ipsa,
1108 1844 1190 1895 vel
1231 1842 1609 1911 approbandos
1650 1842 1870 1910 synodis
1910 1843 2136 1911 provin-

100 1920 321 1972 cialibus
381 1918 701 1971 committat.
792 1917 877 1969 Ad
938 1917 1164 1970 unitatis
1219 1917 1575 1969 substantiam
1636 1934 1759 1968 vero
1819 1935 2023 1985 semper
2082 1921 2135 1970 et

98 1998 280 2047 exacte
321 1992 589 2063 pertinere
618 1992 1029 2062 dignoscuntur,
1060 2010 1194 2060 quae
1221 1992 1277 2042 in
1307 1990 1531 2053 Missali,
1560 1990 1784 2053 Rituali,
1828 1989 2132 2043 Pontificali

100 2069 342 2121 Romano
396 2086 456 2119 ac
508 2067 563 2118 in
607 2066 963 2118 Ceremoniali
1009 2066 1402 2134 Episcoporum
1460 2064 1646 2116 latinis
1699 2065 1872 2116 verbis
1914 2065 2134 2116 dicenda

97 2143 462 2213 assignantur.
527 2141 737 2193 Rituali
764 2140 1008 2192 Romano
1045 2144 1280 2192 ceterum
1306 2139 1598 2191 nonnullae
1624 2139 1927 2190 functiones
1954 2158 2132 2191 sacrae

98 2217 220 2269 addi
277 2217 478 2279 solent,
539 2233 673 2284 quae
731 2215 786 2266 in
841 2214 1158 2282 specialibus
1214 2212 1532 2266 dioecesium
1592 2213 1676 2263 vel
1733 2213 2133 2280 provinciarum

98 2291 405 2343 Ritualibus
440 2291 596 2359 juxta
622 2289 976 2357 approbatam
1003 2287 1476 2340 immemorabilem
1504 2286 1942 2338 consuetudinem
1970 2305 2131 2355 expo—

97 2369 303 2417 nuntur
344 2367 398 2416 et
437 2363 897 2432 praescribuntur.

245 2439 417 2500 Quum
470 2443 654 2490 cantus
703 2438 1043 2490 ecclesiastici
1081 2437 1164 2488 vel
1205 2434 1526 2505 Gregoriani
1566 2435 1793 2486 maxima
1833 2434 1905 2486 sit
1943 2439 2130 2487 aucto—

96 2514 230 2566 ritas
282 2517 336 2565 et
384 2513 493 2575 vis,
552 2530 664 2564 non
716 2530 881 2580 parva
920 2529 1046 2563 vero
1087 2511 1145 2562 in
1183 2509 1327 2562 notis
1379 2509 1722 2560 musicalibus
1776 2508 2131 2576 discrepantia

98 2587 336 2640 codicum
390 2590 443 2639 et
489 2586 780 2649 librorum,
837 2585 1149 2638 Commissio
1197 2583 1438 2636 virorum
1479 2582 1776 2651 peritorum
1816 2583 2130 2634 decernatur

98 2661 493 2725 constituenda,
534 2659 628 2729 qui
667 2664 730 2712 ut
761 2661 869 2729 jam
912 2659 1123 2727 saepius
1163 2677 1193 2710 a
1233 2657 1284 2710 S.
1311 2656 1440 2709 Sede
1481 2660 1725 2725 coeptum
1767 2661 1861 2720 est,
1905 2656 2130 2724 denique

95 2735 461 2788 authenticam
500 2734 888 2787 cantilenarum
930 2733 1218 2784 editionem
1258 2734 1565 2799 procurent.

243 2809 309 2860 In
371 2808 657 2861 Breviario
721 2808 959 2859 Romano
1031 2807 1238 2874 aliquae
1315 2804 1708 2856 emendationes
1785 2807 2126 2871 exoptantur.

98 2882 325 2952 Propter
364 2887 550 2935 auctos
590 2882 646 2934 in
687 2900 814 2934 cura
852 2880 1111 2949 pastorali
1151 2880 1358 2930 labores
1398 2882 1452 2930 et
1490 2877 1826 2929 sacerdotum
1851 2877 2126 2945 penuriam

95 2957 309 3021 brevior
360 2956 511 3025 pensi
563 2955 809 3008 canonici
862 2955 1036 3006 forma
1085 2952 1418 3004 desideratur
1456 2951 1682 3002 maxime
1721 2950 1778 3001 in
1829 2952 2125 3004 nocturnis

96 3030 284 3083 Plures
335 3030 528 3099 psalmi
578 3035 633 3083 et
679 3029 936 3081 lectiones
976 3027 1029 3078 in
1073 3026 1264 3078 officiis
1304 3043 1457 3093 saepe
1497 3024 1706 3076 iteratis
1748 3023 2127 3078 Confessorum

96 3108 150 3158 et
189 3105 510 3173 Martyrum,
571 3104 650 3156 ita
706 3103 1016 3171 frequenter
1074 3103 1396 3162 recurrunt,
1460 3102 1521 3150 ut
1578 3098 1756 3149 eadem
1821 3099 2127 3167 saepissime

96 3183 443 3248 repetantur,
503 3178 599 3229 alii
657 3177 851 3245 psalmi
909 3179 1084 3226 autem
1140 3191 1263 3225 raro
1315 3171 1577 3224 recitandi
1629 3171 1754 3224 sint.
1845 3171 2125 3226 Lectiones

95 3271 206 3305 11011
261 3270 459 3322 paucae
500 3270 526 3303 e
566 3250 618 3302 S.
661 3249 942 3318 Scriptura
982 3248 1285 3314 decerptae,
1343 3244 1582 3314 quamvis
1631 3245 1804 3297 omnis
1855 3246 2124 3315 scriptura

97 3326 250 3379 utilis
300 3326 372 3379 sit
411 3325 478 3376 ad
517 3323 813 3376 docendum
852 3327 906 3375 et
943 3320 1290 3390 arguendum,
1330 3323 1507 3371 tamen
1546 3319 1850 3389 argumenti
1890 3320 2126 3373 efficacia

96 3404 150 3453 et
221 3398 540 3453 salubritate
605 3396 791 3448 multis
849 3415 876 3448 e
935 3395 1075 3447 clero
1133 3393 1309 3445 minus
1367 3392 1719 3457 conveniunt,
1791 3394 1957 3446 veluti
2025 3395 2123 3446 ali-

97 3491 231 3541 quae
287 3472 626 3525 narrationes
668 3470 730 3520 de
769 3467 1126 3531 Patriarchis,
1183 3467 1246 3518 de
1294 3465 1521 3530 Davide,
1576 3467 1733 3534 plura
1785 3485 1848 3520 ex
1899 3467 2121 3521 Cantico
2145 3482 2155 3489 ”
