2612 4062
435 256 543 316 210

435 428 543 480 quo
584 409 760 479 primo
799 403 1107 467 rudimenta
1146 398 1271 458 fidei
1310 398 1543 459 ediscere
1583 399 1865 477 coeperim,
1906 418 2073 477 aeque
2110 399 2244 461 bene
2279 396 2339 458 in
2375 396 2476 459 hac

435 503 494 538 re
531 484 861 537 instructum
901 481 1045 534 forte
1071 479 1386 545 reddiderit,
1428 499 1588 551 quam
1626 482 1721 551 qui
1759 501 1790 535 a
1827 482 2028 554 viginti
2065 482 2280 535 circiter
2317 480 2476 533 annis

434 578 632 612 nomen
670 557 937 610 Ecclesiae
975 555 1182 608 dederit
1222 586 1286 592 —
1330 573 1564 608 asserere
1601 556 1798 621 aude0,
1859 575 1972 610 eam
2013 555 2373 618 sententiam,
2416 558 2478 608 ut

433 634 492 686 in
532 634 799 686 schemate
832 633 1006 700 jacet,
1048 649 1159 683 non
1201 647 1313 682 esse
1354 629 1476 681 fidei
1517 630 1848 696 doctrinam,
1888 650 1986 684 nec
2023 631 2189 684 talem
2228 629 2478 682 devenire

436 726 591 778 posse
631 725 724 776 per
764 723 1154 775 quamcumque
1180 704 1551 757 definitionem
1590 705 1752 758 etiam
1791 706 2150 759 conciliarem.
2229 703 2477 772 Depositi

436 782 586 835 Fidei
643 799 824 833 sumus
883 779 1159 841 custodes3
1225 797 1336 831 non
1394 778 1632 831 Domini.
1718 779 1984 832 Fidelium
2043 797 2201 832 curae
2258 782 2478 831 nostrae

435 856 868 910 concreditorum
907 853 1171 906 Doctores
1212 853 1427 922 quidem
1466 853 1524 906 in
1564 858 1828 924 quantum
1867 873 2050 908 sumus
2090 854 2290 906 Testes.

582 930 781 1000 Magna
823 929 915 981 illa
954 928 1195 980 idearum
1235 928 1499 991 confusiO,
1541 947 1675 997 quae
1715 929 1771 980 in
1811 932 1930 982 tota
1967 929 2068 981 hac
2108 926 2478 981 controversia

434 1007 672 1069 obtinet,
731 1004 865 1056 mihi
918 1003 1132 1055 videtur
1185 1022 1248 1054 ex
1287 1002 1511 1055 notione
1559 1022 1747 1071 parum
1799 1008 2048 1056 accurata
2087 1001 2478 1055 nonnullorum

432 1080 794 1133 terminorum
833 1083 888 1132 et
928 1096 992 1130 ex
1018 1078 1270 1147 neglectu
1311 1076 1655 1142 discriminiS,
1696 1078 1839 1146 quod
1864 1096 2143 1146 nunquam
2170 1094 2197 1129 e
2223 1075 2479 1128 memoria

433 1156 676 1208 excidere
717 1153 873 1206 debet
916 1184 983 1190 —
1023 1152 1166 1204 inter
1204 1151 1540 1221 theologiam
1578 1155 1852 1222 tamquam
1892 1151 2196 1215 scientiam,
2245 1154 2299 1203 et
2338 1150 2477 1201 veri-

431 1235 571 1283 tates
612 1229 874 1282 revelatas
914 1228 977 1279 de
1017 1227 1211 1297 quibus
1253 1230 1471 1290 tractat,
1512 1231 1773 1296 tanquam
1812 1226 1937 1278 fidei
1963 1230 2165 1279 nostra:
2192 1225 2476 1294 objectum.

432 1304 670 1358 Mentem
707 1322 878 1355 meam
918 1301 1102 1371 paucis
1142 1319 1421 1370 exponam.

582 1379 780 1432 Omnes
810 1377 1060 1430 veritates
1082 1376 1344 1429 divinitus
1372 1375 1636 1428 revelatae
1663 1380 1793 1429 sunt
1818 1376 1920 1428 fide
1947 1375 2130 1427 divina
2157 1373 2478 1434 credendae;

435 1473 592 1524 quae,
648 1457 710 1507 ut
748 1453 884 1505 tales
924 1452 991 1503 ab
1031 1450 1298 1514 Ecclesia,
1342 1451 1452 1502 sive
1493 1451 1549 1502 in
1593 1450 1872 1514 Conciliis,
1914 1450 2025 1503 sive
2065 1448 2341 1502 ordinario
2382 1466 2478 1500 suo

432 1529 774 1598 magisterio,
835 1526 1083 1579 fidelibus
1143 1528 1542 1594 proponuntur.
1632 1524 1786 1579 Inter
1845 1524 2099 1577 veritates
2157 1523 2290 1576 istas
2347 1522 2481 1574 aliae

433 1608 562 1657 sunt
619 1602 894 1672 explicite,
954 1601 1091 1652 aliae
1142 1599 1406 1669 implicite
1455 1600 1736 1652 revelatae.
1828 1599 1944 1651 Hae
2003 1599 2226 1651 ultimae
2274 1597 2342 1649 ad
2393 1614 2480 1648 eas

435 1678 575 1731 solas
614 1675 1024 1746 restringendae
1064 1679 1208 1738 sunt,
1251 1693 1386 1743 quae
1427 1692 1548 1726 cum
1587 1674 1909 1727 veritatibus
1950 1673 2202 1742 explicite
2228 1671 2480 1724 revelatis

433 1751 734 1805 necessario
794 1769 936 1802 nexu
996 1752 1419 1812 connectantur,
1479 1749 1610 1800 adeo
1669 1752 1732 1801 ut
1778 1748 1872 1817 qui
1923 1767 2008 1800 eas
2048 1750 2300 1817 negaret,
2360 1745 2480 1796 illas

435 1845 648 1897 quoque
697 1843 893 1896 negare
945 1828 1271 1877 censeretur.
1360 1822 1448 1875 Sic
1502 1822 1739 1875 Ecclesia
1790 1823 1848 1874 in
1907 1822 2017 1874 suis
2070 1819 2479 1873 definitionibus

433 1920 638 1971 semper
677 1908 761 1954 est
798 1913 991 1962 TESTIS,
1033 1902 1087 1951 et
1107 1898 1370 1968 judicium
1397 1897 1618 1950 nonnisi
1642 1897 1892 1950 testando
1921 1897 2185 1949 efformat.
2248 1894 2482 1946 Damnat

435 1995 645 2029 errores
698 1975 792 2045 qui
839 1974 1102 2027 doctrinis
1144 1972 1397 2042 explicite
1435 1971 1686 2024 revelatis
1726 1975 1911 2040 aperte
1952 1983 2371 2030 CONTRADICANT3
2427 1971 2482 2020 et

434 2070 523 2103 eos
562 2051 782 2119 insuper
824 2049 918 2119 qui
946 2047 1294 2100 consectariis
1334 2065 1398 2098 ex
1436 2047 1503 2099 iis
1538 2060 1851 2098 NECESSASIO
1879 2044 2083 2097 eductis
2109 2044 2479 2096 adversentur.

435 2125 699 2196 Theologi
720 2122 1076 2177 communiter
1099 2125 1319 2174 censent
1357 2124 1677 2191 argumenta
1716 2121 1774 2172 in
1812 2119 1937 2172 fidei
1963 2119 2258 2172 veritatum
2286 2118 2482 2186 proba-

434 2201 640 2254 tionem
694 2199 874 2252 minus
928 2197 1103 2250 valida
1143 2200 1201 2248 in
1241 2196 1372 2265 ipsis
1413 2195 1575 2248 etiam
1616 2195 1872 2248 Conciliis
1910 2192 2253 2265 generalibus
2291 2190 2483 2243 adduci

435 2294 623 2344 posse,
691 2273 935 2344 quamvis
999 2271 1058 2323 in
1116 2271 1235 2340 ipsa
1293 2271 1401 2323 fide
1459 2270 1778 2323 declaranda
1837 2268 2078 2322 Concilia
2136 2284 2314 2320 errare
2368 2284 2481 2318 non

434 2350 661 2419 possint.
740 2348 903 2401 Ratio
957 2351 1067 2400 est:
1134 2346 1293 2398 fidem
1338 2344 1689 2409 declarando,
1743 2346 1895 2414 cujus
1944 2360 2161 2411 capaces
2201 2345 2330 2394 sunt
2369 2339 2481 2409 epi-

435 2424 602 2493 scopi,
645 2423 854 2476 indocti
893 2440 1059 2491 aeque
1100 2439 1160 2473 ac
1199 2419 1365 2484 docti,
1407 2420 1453 2472 si
1481 2419 1691 2488 quidem
1733 2419 1798 2471 de
1838 2418 1982 2471 facto
2009 2417 2209 2488 agitur,
2242 2414 2481 2468 Ecclesia

434 2502 693 2551 testatur:
737 2498 912 2561 fidem,
954 2494 1289 2566 argumentis
1328 2498 1424 2546 aut
1464 2512 1528 2545 ex
1552 2493 1767 2546 ratione
1798 2497 1894 2545 aut
1919 2492 2081 2545 etiam
2108 2509 2172 2543 ex
2200 2489 2483 2558 Scriptura

435 2573 660 2637 eductiS,
699 2571 996 2641 probandO,
1038 2569 1282 2638 theologi
1320 2567 1504 2636 potius
1544 2587 1703 2636 quam
1742 2567 1898 2620 testis
1937 2570 2117 2635 partes
2158 2565 2408 2618 sustinet.

583 2645 734 2700 Inter
772 2645 975 2699 limites
1015 2663 1180 2712 supra
1219 2641 1530 2694 enuntiatos
1572 2641 1899 2693 continenda
1937 2644 2018 2693 est
2058 2640 2190 2692 fides
2219 2637 2479 2690 divinitus

434 2722 686 2786 revelata,
728 2721 792 2774 de
831 2739 936 2790 qua
962 2717 1218 2782 Ecclesia,
1261 2721 1322 2769 ut
1360 2716 1535 2778 testiS,
1572 2715 1836 2785 judicium
1875 2714 2155 2766 efformare
2194 2711 2385 2781 possit,
2426 2715 2480 2764 et

436 2797 484 2849 ei
547 2795 979 2850 contradicentes
1045 2798 1303 2861 tanquam
1367 2790 1666 2842 haereticos
1730 2789 2035 2858 percellere.
2068 2795 2072 2801 “
2133 2787 2285 2839 Inter
2347 2785 2479 2838 istas

435 2872 692 2925 veritates
743 2869 996 2940 explicite
1047 2872 1142 2920 aut
1198 2864 1460 2935 implicite
1507 2864 1795 2927 revelatas,
1850 2881 1985 2932 quae
2034 2879 2097 2914 ex
2145 2860 2211 2913 iis
2252 2858 2479 2913 solemni

436 2945 705 2998 Ecclesiae
738 2944 943 3014 judicio
983 2942 1236 2995 definitae
1274 2940 1402 3003 sint,
1445 2939 1699 2991 dicuntur
1737 2955 1850 2990 esse
1882 2936 2190 2989 Catholicae
2229 2934 2370 2998 fidei,
2411 2933 2479 2986 ad

436 3020 841 3073 distinctionem
879 3036 1063 3071 earum
1103 3034 1261 3086 quae,
1302 3014 1429 3066 licet
1470 3013 1585 3066 sint
1623 3013 1890 3065 revelatae
1930 3014 1984 3063 et
2024 3009 2323 3062 necessario
2364 3026 2478 3061 cre-

438 3094 653 3158 dendae,
694 3113 807 3147 non
845 3093 960 3146 sint
998 3090 1227 3144 Concilii
1265 3089 1478 3141 decreto
1518 3087 1828 3140 enuntiatae
1867 3104 1958 3138 seu
1995 3084 2265 3137 definitae.
2330 3082 2478 3135 Haec

438 3172 616 3221 autem
643 3167 924 3221 distinctio
953 3171 1036 3220 est
1059 3183 1202 3218 mere
1229 3163 1580 3224 scholastica;
1620 3165 1674 3214 et
1707 3160 1917 3212 nullum
1943 3159 2162 3212 omnino
2189 3157 2476 3210 discrimen

439 3241 583 3294 inter
636 3242 919 3311 utriusque
963 3241 1178 3312 generis
1230 3237 1488 3291 veritates
1528 3235 1814 3306 supponit,
1874 3234 2049 3303 quoad
2091 3230 2475 3302 obligationem

436 3315 699 3368 credendi.

589 3389 906 3460 Theologia,
954 3393 1147 3459 utpote
1185 3386 1432 3450 scientia,
1473 3389 1557 3439 est
1591 3403 1623 3437 a
1659 3382 1765 3436 fide
1803 3401 1896 3436 seu
1934 3382 2319 3435 credendorum
2357 3398 2476 3433 cor-

440 3481 574 3534 pore
637 3468 789 3516 caute
851 3463 1249 3534 distinguenda.
1345 3459 1493 3513 Fidei
1557 3458 1812 3512 veritates
1877 3457 2065 3510 ordine
2126 3454 2473 3524 systematico

439 3537 722 3608 proponit3
782 3555 1000 3606 easque,
1060 3557 1160 3606 pro
1218 3554 1315 3590 suo
1366 3531 1635 3605 probandi
1669 3550 1888 3603 genere,
1939 3532 2050 3584 sive
2087 3528 2323 3600 positivo
2362 3527 2475 3581 sive
2523 3535 2533 3546 “

441 3611 784 3675 scholastic0‚
810 3611 1032 3679 probat;
1071 3612 1362 3680 pluresque
1387 3607 1758 3662 conclusiones
1784 3625 1850 3659 ex
1873 3605 2194 3658 veritatibus
2219 3601 2472 3672 explicite

442 3705 537 3741 seu
574 3685 839 3758 implicite
876 3684 1128 3737 revelatis
1166 3685 1373 3751 educit,
1426 3701 1563 3755 quae
1599 3680 1667 3736 ad
1704 3679 2110 3735 distinctionem
2146 3694 2330 3732 earum
2365 3672 2472 3732 dici
