2612 4062
463 1210 891 1267 Eminentissimi
932 1213 1237 1270 Praesides!

462 1316 892 1370 Eminentissimi
931 1338 992 1371 ac
1030 1319 1482 1375 Reverendissimi
1520 1323 1735 1378 Patres!

253 1523 727 1576 Eminentissimus
755 1522 1210 1594 Archiepiscopus
1250 1526 1619 1581 Dubliniensis
1659 1529 1716 1582 in
1755 1549 1850 1583 sua
1889 1533 2146 1587 concione

105 1616 168 1649 ex
226 1598 328 1650 hoc
386 1602 645 1668 suggestu
706 1599 972 1650 nonnulla
1022 1599 1158 1652 dixit
1211 1619 1344 1668 quae
1394 1621 1569 1655 meum
1607 1603 1864 1657 honorem
1903 1609 2145 1676 graviter

105 1672 406 1734 laeserunt,
448 1671 642 1740 quibus
682 1677 744 1725 ut
782 1673 967 1725 statim
1005 1675 1327 1742 respondere
1365 1676 1496 1728 mihi
1535 1678 1738 1743 liceret,
1771 1684 1896 1748 post
1935 1681 2145 1734 finitam

104 1747 337 1814 ejusdem
377 1746 716 1811 concionem,
774 1751 869 1799 aut
909 1748 1098 1800 saltem
1138 1749 1235 1800 sub
1276 1750 1436 1801 finem
1476 1754 1914 1822 congregationis
1953 1774 2146 1825 gener-

102 1820 218 1884 alis,
260 1839 320 1873 ea
358 1821 442 1872 die
483 1820 712 1885 habitae,
754 1823 819 1874 ab
846 1821 1284 1875 Eminentissimo
1325 1823 1573 1877 Praeside
1612 1826 1817 1879 frustra
1854 1830 2144 1897 postulavi.

103 1893 249 1946 Hinc
289 1899 370 1948 est
412 1899 474 1948 ut
512 1895 671 1948 hodie
710 1897 991 1948 ambonem
1030 1894 1338 1962 ascendam,
1380 1900 1542 1951 verba
1580 1900 1643 1952 de
1683 1901 1950 1955 schemate
1990 1905 2146 1956 nobis

102 1970 387 2038 proposito
414 1969 471 2021 in
511 1988 707 2040 genere
748 1970 1020 2030 facturus;
1064 1975 1254 2024 contra
1292 1991 1352 2024 ac
1391 1973 1523 2025 mihi
1562 1973 1620 2026 in
1659 1976 1957 2044 propositis
2000 1983 2142 2041 erat;

104 2061 220 2094 cum
271 2063 372 2112 pro
427 2047 573 2096 certo
622 2045 930 2106 habuerim,
983 2045 1098 2096 fore
1138 2049 1199 2097 ut
1240 2046 1419 2098 omnia
1457 2048 1523 2099 ad
1561 2066 1673 2100 rem
1711 2050 2042 2117 pertinentia
2079 2053 2144 2104 ab

103 2116 224 2169 aliis
274 2137 433 2186 quam
473 2138 503 2170 a
541 2137 624 2170 me
664 2120 876 2187 plenius
918 2123 970 2172 et
1012 2119 1199 2171 melius
1239 2120 1558 2174 dicerentur.
1625 2122 1851 2175 Veniam
1893 2129 2142 2190 vestram,

104 2191 290 2244 Patres
323 2192 750 2245 Eminentissimi
791 2212 850 2246 ac
877 2193 1348 2255 Reverendissimi,
1389 2195 1637 2263 imploro,
1680 2197 1724 2248 si
1762 2216 1856 2250 vos
1897 2199 2146 2269 longiore

103 2283 346 2318 sermone
399 2286 558 2335 quam
608 2268 799 2320 afferre
837 2268 1160 2320 assueverim
1200 2267 1495 2338 defatigare
1535 2270 1731 2323 videar.
1809 2271 1944 2324 Mihi
1985 2274 2145 2326 etiam

104 2341 406 2394 concedatis
466 2360 600 2411 rogo
654 2347 717 2394 ut
767 2346 890 2394 utar
945 2343 1194 2394 libertate
1246 2360 1379 2409 quae
1430 2344 1742 2412 episcopum
1792 2345 1851 2398 in
1902 2346 2142 2400 Concilio

103 2414 384 2483 episcopos
423 2415 805 2485 alloquentem,
848 2420 917 2479 et,
960 2420 1021 2468 ut
1058 2416 1135 2468 ait
1162 2414 1495 2481 BossuetiUS,
1537 2420 1722 2471 futura
1761 2420 1945 2488 potius
1985 2440 2144 2490 quam

103 2489 403 2559 praesentia
432 2494 690 2559 tempora,
722 2490 1106 2559 respicientem,
1135 2490 1342 2542 deceat:
1386 2492 1574 2543 confisi
1603 2511 1685 2544 me
1723 2513 1754 2545 a
1794 2512 1954 2563 scopo
1996 2495 2145 2547 sche-

104 2564 261 2616 matis
301 2582 413 2615 non
450 2565 844 2627 aberraturum,
886 2583 983 2616 nec
1021 2563 1239 2632 aliquod
1279 2565 1420 2632 quod
1461 2566 1758 2635 cuicunque
1797 2569 2144 2621 offensionem

105 2656 284 2690 creare
333 2638 546 2703 debeat,
609 2640 907 2692 dicturum:
969 2638 1139 2690 multo
1200 2637 1376 2691 minus
1416 2639 1860 2694 Eminentissimo
1902 2642 2144 2695 Praesuli

104 2711 464 2776 Dubliniensi,
499 2713 585 2765 cui
624 2732 707 2765 me
747 2714 957 2783 magnis
997 2710 1266 2764 beneficiis
1306 2713 1612 2766 devinctum
1652 2734 1917 2785 agnosco3
1959 2735 2144 2784 quem-

105 2804 205 2855 que
244 2805 472 2855 semper,
534 2807 563 2839 a
603 2788 837 2857 triginta
874 2787 1100 2856 plusque
1138 2785 1323 2849 anniS,
1366 2789 1608 2855 suspexi,
1650 2801 1704 2842 et
1742 2808 1909 2858 usque
1947 2790 2013 2841 ad
2052 2809 2143 2842 ex-

102 2863 332 2913 tremum
390 2861 534 2914 vitae
573 2862 829 2926 halitum,
888 2880 970 2913 me
1009 2863 1385 2928 suspecturum
1423 2879 1563 2926 esse,
1623 2881 1778 2931 spero
1820 2868 1874 2917 et
1912 2864 2140 2918 confidO.

104 2933 304 2996 Quibus
344 2936 652 3004 praemissis
690 2954 801 2988 rem
839 2935 1143 3005 aggredior.

1094 3153 1144 3207 -Ι,

250 3288 396 3344 Meas
449 3308 560 3343 esse
611 3290 1036 3352 observationeS,
1095 3306 1319 3341 numero
1371 3292 1586 3342 centum
1636 3291 1869 3362 triginta
1921 3298 2042 3348 octo
2083 3294 2140 3347 in

106 3365 330 3433 synopsi
366 3365 659 3427 indicataS,
709 3364 766 3416 in
806 3383 935 3434 quas
973 3366 1083 3415 tam
1122 3381 1300 3415 severe
1338 3363 1721 3419 animadvertit
1759 3366 2140 3422 Eminentissi-

106 3454 223 3489 mus
262 3437 660 3502 Dubliniensis,
717 3456 980 3507 agnos003
1034 3454 1221 3504 meque
1270 3437 1410 3488 nihil
1459 3437 1516 3490 in
1571 3439 1637 3492 iis
1677 3441 1957 3510 scripsisse
1997 3444 2138 3511 quod

106 3529 219 3562 non
270 3513 552 3575 senserim,
610 3516 692 3575 et,
745 3512 851 3564 nisi
887 3512 943 3563 in
983 3515 1244 3579 quantum
1282 3529 1346 3562 ex
1384 3511 1486 3584 hoc
1523 3531 1768 3567 sermone
1808 3517 2138 3569 contrarium

108 3583 444 3651 constiterit,
504 3586 677 3638 adhuc
715 3603 828 3637 non
867 3586 1121 3648 sentiam,
1161 3585 1439 3653 profiteor.
1517 3587 1645 3641 Tria
1682 3589 1802 3642 loca
1839 3608 1903 3642 ex
1943 3589 2007 3642 iis
2047 3590 2138 3642 de-

111 3661 322 3728 sumpta
383 3659 624 3729 culpavit
698 3659 873 3718 verbis
935 3657 1291 3712 severioribus
1353 3659 1824 3717 Eminentissimus
1889 3663 2136 3717 Praesul:
