2612 4062
1092 1102 1191 1186 V.

118 1292 288 1360 Ordo
328 1299 390 1360 et
418 1296 648 1362 modus
680 1292 744 1360 in
775 1294 1195 1364 celebratione
1228 1298 1391 1366 sacri
1430 1306 1491 1367 et
1537 1302 1852 1388 generalis
1891 1303 2152 1371 Concilii

116 1418 467 1487 Tridentini
498 1421 870 1489 observatus
905 1445 940 1488 a
963 1421 1149 1490 Rmo.
1178 1422 1429 1513 Angelo
1459 1425 1827 1495 Massarello
1865 1428 2153 1520 ejusdem

551 1570 600 1615 s.
638 1546 900 1615 Concilii
938 1549 1272 1618 secretario
1309 1545 1715 1641 descriptus,1

115 1722 210 1778 De
258 1723 425 1779 modo
475 1723 812 1781 celebrandi
857 1725 1176 1797 sessiones,
1218 1725 1572 1799 publicandi
1619 1728 1867 1802 decreta,
1919 1731 2154 1789 dicendi

490 1831 542 1885 ct
590 1826 906 1902 colligendi
951 1833 1082 1887 vota
1131 1833 1184 1887 ct
1229 1830 1434 1888 ordine
1480 1827 1776 1890 sedendi.2

145 2003 207 2007 -——
291 2004 355 2009 -—
439 2003 504 2010 -.
587 2005 645 2010 ⁷—-
734 2006 799 2010 -—
883 2006 947 2010 --..
1032 2007 1095 2011 >—
1180 2007 1244 2011 —-
1327 2007 1392 2012 —
1478 2008 1538 2013 —.
1623 2005 1681 2011 ——-
1771 2010 1835 2015 --.,,
2068 2012 2123 2018 -—-.

262 2090 573 2154 Praelatus‚
628 2092 721 2160 qui
762 2093 1071 2146 decantavit
1108 2095 1353 2158 missam,
1407 2095 1611 2146 accedit
1650 2096 1717 2147 ad
1755 2097 1926 2149 altare
1964 2101 2153 2168 majuS‚

113 2165 310 2234 accipit
348 2166 662 2236 genuflexus
702 2185 728 2218 e
754 2167 998 2220 manibus
1026 2168 1188 2236 primi
1216 2168 1406 2238 Legati
1447 2173 1502 2221 et
1528 2168 1886 2223 praesidentis
1923 2172 2152 2237 decreta,

114 2258 248 2308 quae
286 2240 345 2292 in
383 2241 500 2309 ipsa
540 2241 774 2294 sessione
813 2242 1136 2310 publicanda
1176 2246 1364 2306 erunt,
1406 2248 1827 2313 suggestumque
1865 2247 2152 2300 ascendens

114 2332 174 2365 ea
212 2315 356 2367 clara
396 2319 451 2368 et
488 2315 600 2367 alta
639 2334 766 2368 voce
804 2317 940 2386 legit
982 2317 1119 2383 (mos
1161 2317 1304 2369 enim
1344 2320 1443 2378 est,
1486 2321 1546 2370 ut
1573 2317 1853 2371 Praelatus
1894 2320 1985 2388 qui
2023 2321 2151 2373 mis-

114 2407 225 2440 sam
283 2389 339 2440 in
399 2390 632 2442 sessione
691 2391 1007 2454 celebravit,
1075 2391 1289 2444 decreta
1347 2391 1516 2460 ipsius
1574 2393 1828 2444 sessionis
1886 2394 2033 2464 legat
2091 2414 2152 2448 ac

113 2463 389 2533 publicet).
466 2463 649 2517 Primo
701 2465 902 2535 legitur
952 2466 1225 2518 decretum
1274 2466 1338 2518 de
1377 2466 1716 2535 dogmatibus
1756 2467 1907 2531 fidei,
1963 2469 2151 2521 deinde

111 2536 176 2588 de
226 2537 644 2602 reformatione,
697 2558 822 2592 nam
867 2541 926 2591 in
963 2543 1085 2593 toto
1124 2540 1227 2593 hoc
1267 2539 1527 2604 Concilio,
1568 2544 1681 2593 tam
1720 2542 1818 2593 sub
1858 2541 2027 2595 Paulo
2066 2543 2151 2595 III

111 2629 271 2680 quam
321 2613 420 2665 sub
458 2612 603 2665 Julio
642 2612 726 2666 III
766 2618 819 2667 et
858 2614 956 2667 Pio
996 2614 1093 2678 IV,
1148 2633 1211 2666 ex
1265 2615 1660 2668 constitutione
1706 2615 1874 2684 ipsius
1923 2615 2151 2669 Concilii

112 2686 456 2740 observatum
505 2691 615 2751 est,
667 2692 730 2741 ut
782 2689 839 2740 in
878 2689 1119 2757 qualibet
1165 2689 1399 2742 sessione
1439 2689 1651 2741 decreta
1690 2689 1752 2741 de
1790 2690 2146 2759 dogmatibUS,

111 2777 172 2811 ae
224 2760 387 2813 etiam
437 2761 500 2813 de
551 2762 938 2815 reformatione
983 2763 1408 2830 publicarentur.
1487 2762 1668 2815 Primo
1709 2763 1892 2832 itaque
1932 2764 2146 2817 decreto

109 2833 248 2887 lecto
300 2835 365 2887 ab
414 2836 531 2904 ipso
584 2836 746 2889 etiam
784 2836 1033 2888 Praelato
1074 2836 1326 2889 Patribus
1367 2836 1594 2899 dicitur,
1648 2837 1722 2889 eis
1763 2837 2145 2907 interrogatis:

109 2906 199 2960 An
226 2909 447 2977 placeat,
482 2928 579 2978 per
611 2911 743 2963 haec
775 2911 936 2962 verba
969 2910 1246 2963 videlicet:
1288 2910 1428 2962 Rmi.
1465 2914 1518 2963 et
1543 2910 1704 2962 Illmi.
1732 2910 1849 2963 DD.
1877 2911 2146 2965 Reveren-

109 2982 267 3051 dique
307 2983 512 3048 PatreS‚
554 2984 848 3038 Placentne
886 2985 1014 3036 haec
1055 2985 1235 3035 omnia
1272 2985 1462 3036 vobis?
1504 2984 1576 3036 Et
1615 2984 1799 3036 statim
1839 3003 1934 3053 per
1961 2984 2145 3038 Secre-

108 3056 304 3109 tarium
335 3057 582 3123 Concilii‚
622 3059 998 3112 assistentibus
1036 3058 1242 3110 duobus
1281 3058 1453 3126 ipsius
1493 3057 1719 3110 Concilii
1747 3057 2011 3121 NotariiS,
2052 3061 2145 3129 qui

109 3134 234 3183 vota
272 3132 614 3202 singulorum
664 3136 913 3185 accurate
969 3131 1304 3195 describunt,
1361 3135 1415 3184 et
1462 3131 1700 3195 cedulas,
1742 3132 1788 3184 si
1827 3132 1919 3201 qui
1958 3134 2143 3186 forsan

109 3205 434 3259 sententiam
485 3225 636 3258 suam
682 3207 740 3258 in
792 3206 1010 3275 scriptis
1049 3205 1326 3269 deferunt,
1379 3205 1677 3273 recipiunt,
1733 3224 1916 3259 omnes
1955 3206 2143 3261 Patres

108 3277 522 3349 interrogantur
549 3280 928 3348 singulariter:
970 3278 1058 3331 An
1092 3279 1338 3346 placeat?
1391 3278 1493 3340 Qui
1530 3279 1719 3332 modus
1747 3283 1876 3333 vota
1901 3280 2139 3345 Patrnm,

108 3352 310 3405 scilicet
355 3353 633 3406 scrutandi
685 3357 847 3423 atque
897 3352 1191 3422 recipiendi
1240 3352 1298 3405 in
1350 3356 1470 3406 toto
1517 3352 1636 3422 ipso
1678 3351 1918 3408 Concilio
1959 3357 2141 3409 obser-

230 3541 245 3565 ¹
274 3543 399 3587 Nach
431 3543 534 3588 cod.
566 3544 642 3588 lat.
676 3544 794 3588 Mon.
826 3547 912 3588 813
947 3544 1020 3599 (al.
1054 3543 1156 3588 Ood.
1189 3544 1296 3588 Vict
1346 3545 1460 3598 142).

229 3599 245 3622 ²
274 3601 342 3645 Da
380 3602 427 3646 in
469 3603 630 3646 diesem
660 3602 775 3647 Ordo
806 3604 918 3648 auch
948 3603 1145 3658 zugleich
1176 3603 1252 3646 das
1283 3606 1454 3648 {iussere
1485 3602 1770 3649 Ceremoniell
1801 3606 2036 3650 enthalten
2062 3607 2135 3658 ist,

108 3660 184 3710 das
214 3661 319 3710 aber
348 3659 420 3709 fi'u·
451 3675 637 3712 unseren
667 3662 819 3709 Zweck
849 3663 960 3710 ohne
990 3662 1162 3719 Belang
1191 3663 1266 3715 ist,
1297 3663 1467 3708 theilen
1497 3664 1577 3708 wir
1605 3678 1688 3709 nur
1718 3663 1920 3722 Auszfige
1950 3666 2046 3711 mit.
