2722 4146
2128 287 2200 348 ¹79

164 434 218 492 et
257 446 376 509 quae
413 428 797 491 auctoritatem
835 428 1124 503 PrimatuS,
1183 440 1447 508 quantum
1506 436 1623 492 fieri
1659 437 1847 508 possit,
1907 440 2201 507 extollunt,

162 512 449 578 asseritur,
509 513 782 565 decretum
839 512 1111 580 Frequens
1169 512 1600 567 Constantiensis
1659 513 1890 567 Concilii
1953 533 2064 567 non
2122 515 2199 568 sic

162 587 380 639 abusive
419 586 771 655 interpretari
812 586 1018 652 debere,
1060 591 1138 650 ut,
1181 605 1338 640 causa
1374 582 1686 641 imminente
1725 588 1887 642 etiam
1913 589 2016 641 soli
2041 589 2197 642 Rom.

162 660 417 713 Pontifici
455 661 704 729 adempta
742 660 911 713 fuerit
950 662 1090 713 circa
1128 661 1234 714 loci
1273 663 1646 727 mutationem,
1703 663 1966 732 temporis
2006 682 2200 733 proro-

161 734 454 804 gationem,
508 734 856 803 dispensandi
902 736 1161 798 facultas;
1215 740 1269 789 et
1321 737 1575 801 infertur,
1627 737 1825 806 inquit,
1880 736 2068 806 (prout
2117 742 2200 791 cst

162 809 452 861 secundum
492 809 672 861 omnia
705 809 851 878 jura)
905 811 961 863 iii
1013 810 1109 862 hac
1148 816 1310 876 parte
1361 810 1663 863 Concilium
1711 811 1939 864 inferius
1991 831 2198 865 summo

162 882 442 947 Pontifice,
483 883 789 952 Papamque
827 884 961 952 ipsis
1001 884 1236 952 priorem
1274 889 1548 954 nequeunt
1587 886 1790 938 solvere
1817 890 1870 938 et
1896 886 2081 956 ligare,
2109 887 2199 939 sed

162 976 259 1010 nos
299 958 356 1008 in
394 957 479 1010 his
521 957 763 1010 Concilio
805 958 1108 1027 superiores
1147 958 1323 1026 ipsum
1365 977 1647 1030 possumus
1687 978 1786 1028 pro
1826 960 1989 1013 libitu
2036 979 2198 1031 regu-

164 1032 290 1084 lare.
368 1030 507 1084 Nam
566 1032 668 1084 hoc
723 1032 785 1084 de
838 1034 960 1101 jure
998 1033 1340 1085 notissimum
1380 1037 1477 1098 est,
1537 1034 1678 1102 quod
1732 1050 2014 1102 possumus
2054 1052 2200 1103 (11130-

162 1123 370 1174 cunque
421 1110 641 1170 statuta,
697 1106 926 1171 decreta,
986 1107 1257 1159 declarata
1307 1107 1417 1160 sive
1468 1109 1675 1160 sancita
1714 1126 1809 1176 per
1850 1127 2199 1178 quoscunque

162 1180 575 1247 praedecessores
615 1185 851 1245 nostrOS,
891 1181 976 1233 vel
1014 1200 1108 1250 per
1149 1199 1479 1250 quaecunque
1520 1181 1774 1246 Concilia,
1815 1183 2102 1235 dummodo
2141 1183 2199 1235 in

162 1253 294 1322 ipsis
333 1254 458 1306 fidei
496 1255 847 1308 fundamenta
884 1274 994 1308 11011
1037 1255 1289 1319 existant,
1342 1257 1452 1308 sive
1493 1274 1555 1308 ex
1593 1256 1695 1308 hoc
1733 1256 2055 1309 universalis
2093 1257 2197 1309 Ec-

163 1328 334 1380 clesiae
375 1330 577 1382 bonum
617 1329 994 1398 principaliter
1034 1348 1146 1382 non
1187 1331 1453 1394 turbetur,
1510 1334 1574 1383 ut
1610 1330 1860 1383 Vicarius
1901 1330 2105 1383 Christi
2143 1335 2200 1384 et

160 1402 707 1471 irreprehensibiliter
746 1423 847 1472 pro
886 1408 1076 1457 nostro
1117 1423 1363 1456 amovere
1402 1409 1455 1457 et
1496 1405 1766 1474 corrigere
1803 1404 1965 1458 libitu
2002 1405 2198 1458 volun-

161 1476 322 1539 tatis3
388 1481 441 1530 et
499 1482 690 1530 contra
747 1478 966 1543 sentire,
1026 1497 1137 1530 11011
1177 1482 1315 1531 esset
1353 1478 1656 1548 longaevum
1703 1480 1769 1531 ab
1808 1479 2050 1532 haeresi.»
2130 1479 2196 1531 In

160 1550 346 1602 iisdem
384 1552 557 1604 literis
598 1552 814 1616 dicitur,
857 1557 1206 1623 conquestam
1245 1553 1411 1604 fuisse
1450 1553 1734 1621 synodum,
1776 1553 1917 1622 quod
1944 1553 2195 1606 Pontifex

160 1624 436 1694 Eugenius
475 1625 569 1678 IV.
611 1627 933 1691 mandasset,
976 1645 1096 1679 cum
1137 1626 1367 1678 Concilii
1405 1627 1631 1679 consilio
1672 1627 1878 1697 agenda
1915 1646 2010 1696 per
2058 1646 2195 1696 prae-

159 1699 391 1752 sidentes
444 1701 686 1768 perfici»,
740 1719 801 1753 ac
848 1702 892 1753 si
941 1701 1043 1753 1100
1097 1701 1235 1752 idem
1289 1701 1497 1764 fuisset,
1555 1703 1762 1767 «11383111-
1821 1703 2078 1769 synodum
2132 1719 2196 1754 ex

154 1775 334 1840 judice
390 1775 447 1826 iii
505 1776 868 1828 consiliarium
929 1776 1332 1828 transvadari.»
1413 1775 1790 1843 Respondetur
1829 1775 1920 1839 ibi,
1983 1776 2197 1828 «omnia

156 1850 280 1916 jura
319 1849 529 1913 volunt,
571 1850 714 1918 quod
754 1867 872 1918 quae
913 1849 1155 1902 Concilio
1197 1853 1532 1914 statuuntur,
1573 1850 1914 1902 declarantur
1954 1869 2045 1902 seu
2071 1869 2195 1902 san-

161 1923 397 1987 ciuntur,
457 1942 488 1974 a
527 1923 674 1992 Papa
731 1925 817 1976 vel
874 1926 986 1993 ejus
1026 1923 1230 1994 Legato
1291 1924 1698 1977 constituantur
1754 1928 1914 1993 atque
1953 1925 2194 1993 promul-

159 2002 374 2067 gentur,
426 2016 576 2050 sacro
619 1998 859 2051 Concilio
911 1998 1222 2051 consulente
1274 1998 1383 2049 sive
1422 1998 1582 2050 etiam
1627 1999 1977 2066 approbante.
2055 1997 2194 2050 Nam

160 2072 206 2123 si
243 2071 387 2140 Papa
426 2073 510 2123 vel
550 2072 783 2142 Legatus
842 2072 1075 2141 ejusdem
1133 2072 1343 2125 nollent
1400 2072 1686 2140 disponere
1741 2073 1943 2140 aliqua,
2003 2076 2194 2125 contra

161 2146 458 2199 Concilium
517 2147 746 2200 dictaret
802 2146 959 2215 Papae
1017 2147 1289 2199 sententia
1345 2146 1427 2198 vel
1486 2148 1598 2215 ejus
1656 2146 1846 2216 Legati
1908 2165 2193 2215 personam

159 2221 337 2273 sumni
376 2221 658 2274 Pontificis
696 2221 1153 2290 repraesentantiS,
1194 2239 1304 2273 non
1345 2220 1574 2272 Concilii
1624 2221 1879 2273 voluntas
1928 2221 2194 2289 sequenda

159 2295 317 2360 foret,
373 2314 493 2347 cum
544 2313 704 2364 super
756 2296 935 2347 omnia
990 2293 1229 2347 Concilia
1278 2294 1440 2347 habet
1488 2299 1814 2363 potestatem
1871 2294 2034 2363 Papa,
2086 2295 2193 2346 nisi

158 2369 301 2423 forte
340 2387 459 2438 (11130
500 2369 785 2422 statuenda
823 2369 1020 2433 forent,
1062 2369 1383 2421 catholicam
1422 2369 1580 2420 fidem
1619 2370 1964 2437 respicerent,
2023 2369 2107 2420 vel
2147 2368 2193 2420 si

159 2462 268 2496 non
327 2444 536 2508 fierent,
597 2447 800 2496 statum
858 2443 1179 2495 universalis
1237 2442 1487 2494 Ecclesiae
1545 2443 1921 2511 principaliter
1976 2447 2193 2510 pertur-

158 2519 366 2582 barent,
419 2518 544 2586 quia
596 2521 728 2570 tunc
779 2517 1010 2569 Concilii
1072 2516 1343 2569 sententia
1402 2520 1542 2569 esset
1603 2516 1788 2584 potius
1852 2516 2190 2568 attendenda.

158 2592 336 2645 Verba
373 2592 544 2662 igitur
582 2595 893 2644 nostrarum
931 2591 1211 2643 literarum
1254 2591 1543 2643 secundum
1577 2590 1716 2659 juris
1755 2591 1984 2642 formam
2021 2591 2193 2642 inter-

158 2667 418 2734 pretanda
456 2669 599 2730 sunt,
640 2670 807 2734 utque
845 2665 908 2717 ad
950 2666 1126 2717 solum
1166 2664 1466 2717 Concilium
1519 2667 1842 2733 spectarent,
1895 2682 2013 2733 quae
2064 2668 2192 2717 sunt

158 2759 381 2793 numero
421 2740 672 2809 plurima,
714 2758 834 2792 cum
874 2739 1117 2791 Concilio
1160 2739 1514 2808 expediantur
1553 2744 1606 2792 et
1652 2739 1802 2804 fiant,
1856 2739 1962 2790 alia
2012 2742 2189 2790 autem

151 2815 290 2884 juris
330 2815 599 2868 tramitem
641 2814 940 2868 imitentur.
1019 2813 1093 2866 Et
1130 2814 1232 2865 hoc
1271 2816 1351 2865 est
1391 2813 1448 2864 in
1473 2830 1577 2881 quo
1605 2813 1882 2881 potissime
1907 2812 2190 2875 falluntur,

158 2891 250 2958 qui
288 2889 514 2941 Basileae
554 2889 901 2941 conveniunt.
978 2886 1116 2940 Nam
1155 2888 1382 2940 credunt
1421 2887 1479 2937 in
1518 2886 1750 2955 singulis
1808 2886 2028 2955 agendis
2079 2903 2190 2936 esse

151 2963 356 3032 judices
396 2982 558 3032 supra
596 2962 932 3026 Pontificem,
975 2962 1118 3030 quod
1144 2980 1330 3014 eorum
1356 2961 1595 3012 actiones
1624 2960 2009 3012 demonstrant.
2050 2957 2189 3010 Nam

159 3037 215 3089 in
255 3038 483 3108 singulis
523 3056 578 3090 se
615 3037 772 3090 nobis
825 3037 1127 3105 superiores
1166 3039 1438 3105 reputant,
1492 3034 1634 3102 quod
1673 3037 1851 3086 tamen
1889 3051 2190 3085 asseverare

159 3115 240 3164 est
277 3111 588 3164 haereticum
627 3116 681 3164 et
719 3112 1057 3180 profanum.»

306 3185 371 3237 In
425 3185 616 3250 literiS,
676 3203 792 3255 (11130
850 3203 1008 3254 (1113111
1065 3183 1291 3235 maxime
1343 3181 1625 3235 Pontificis
1663 3183 1991 3248 potestatem
2028 3198 2187 3249 super

161 3256 399 3310 Concilia
437 3260 725 3324 extollunt,
766 3277 1003 3328 quasque
1042 3276 1072 3309 a
1111 3276 1166 3309 se
1205 3260 1474 3309 emanatas
1510 3255 1732 3324 negavit
1757 3254 2032 3324 Eugenius
2070 3254 2186 3318 IV.,

161 3336 216 3384 et
272 3336 456 3384 tamen
512 3333 771 3385 cautelam
831 3332 1164 3396 retractavit,
1227 3332 1300 3383 ita
1339 3329 1614 3393 asseritur,
1672 3328 1993 3381 Pontificem
2031 3328 2185 3380 Rom.

160 3424 319 3475 super
359 3405 539 3458 omnia
578 3405 817 3459 Concilia
872 3407 1064 3459 habere
1122 3409 1462 3473 potestatem,
1521 3403 1599 3454 ita
1654 3406 1852 3467 tamen,
1911 3406 1974 3455 ut
2032 3420 2188 3454 causa

161 3480 285 3532 fidei
323 3483 544 3549 excepta
581 3480 938 3551 intelligatur,
984 3479 1124 3531 «nisi
1146 3480 1289 3531 forte
1315 3495 1432 3546 quae
1459 3477 1745 3529 statuenda
1772 3477 1970 3540 forent,
2000 3477 2185 3528 catho-

159 3554 318 3606 licam
358 3555 513 3606 fidem
551 3554 893 3622 respicerent,
945 3554 1029 3606 vel
1079 3553 1123 3605 si
1172 3570 1284 3603 non
1335 3552 1555 3614 fierent,
1612 3554 1816 3603 statum
1866 3549 2184 3601 universalis

161 3627 410 3680 Ecclesiae
447 3627 819 3697 principaliter
856 3627 1253 3698 perturbarent,
1305 3625 1430 3693 quia
1469 3628 1600 3677 tunc
1651 3624 1877 3678 Concilii
1915 3622 2184 3676 sententia

85 3735 98 3743 —
161 3706 299 3756 esset
335 3703 516 3772 potius
552 3702 926 3756 attendenda.»
980 3701 1148 3764 Quam
1187 3698 1511 3752 sententiam
1529 3699 1595 3752 ab
1621 3698 1885 3752 Pontifice
1909 3696 2189 3749 Hadriano
