2722 4146
2193 253 2261 304 53

218 400 368 452 illam
407 399 692 467 epistolam
731 401 793 450 ut
831 397 1284 450 irretractabilem
1309 402 1363 452 et
1388 396 1837 451 irreformabilem
1872 397 2116 468 regulam
2141 397 2264 451 fidei

219 473 502 542 suscipere.
581 472 729 542 Ergo
769 471 1012 524 fatentur
1051 472 1147 524 isti
1187 491 1309 525 cum
1352 471 1592 526 Baronio
1641 472 1926 541 epistolam
1965 469 2017 524 S.
2066 470 2264 525 Leonis

217 547 382 600 fuisse
440 546 798 617 dogmaticam
855 549 908 598 et
966 546 1301 599 definitivam
1361 547 1702 610 sententiam,
1763 549 1882 599 tota
1930 543 2264 614 Apostolicae

218 621 355 674 sedis
393 620 720 674 auctoritate
760 619 1155 688 conscriptam:
1214 625 1270 674 et
1308 621 1576 689 quomodo
1617 625 1730 673 tam
1778 620 2082 673 evidentem
2121 621 2263 673 veri-

218 699 383 748 tatem
440 712 638 765 negare
696 695 996 747 auderent?
1083 693 1256 763 Atqui
1316 695 1429 747 11166
1484 695 1716 763 epistola
1768 694 2089 765 dogmatica,
2149 695 2263 748 haec

217 769 497 822 definitiva
535 772 734 821 sanctae
791 768 930 820 sedis
981 769 1253 822 sententia
1310 769 1420 822 fuit
1469 769 1528 820 in
1579 768 2003 822 Chalcedonensi
2051 769 2260 838 synodo

215 861 376 906 nov0,
432 861 560 895 vero
614 845 668 894 ct
725 843 952 895 solemni
1003 843 1254 906 examini,
1296 861 1456 906 novo,
1497 860 1624 895 vero
1665 847 1719 896 et
1772 843 2021 912 synodali
2054 843 2260 912 judicio

215 918 469 986 subjecta,
513 920 575 969 ut
615 917 918 969 audivimus
959 935 1022 969 ex
1062 916 1422 969 Bellarmino:
1466 917 1760 970 ostendunt
1800 917 2078 971 evidenter
2123 916 2263 971 Acta

214 991 411 1060 synodi
451 990 929 1044 Chalcedonensis:
971 994 1209 1044 testatur
1250 991 1567 1044 solemniter
1607 991 1843 1059 synodus
1884 992 2093 1060 quinta.

362 1065 510 1135 Ergo
551 1066 834 1118 sententiae
876 1069 994 1118 tota
1033 1069 1234 1118 sanctae
1270 1065 1408 1117 sedis
1448 1065 1776 1119 auctoritate
1814 1065 1970 1119 editae
2009 1065 2067 1118 in
2119 1084 2262 1119 oecu-

214 1139 433 1191 menicis
475 1140 697 1207 synodis
736 1142 1134 1201 retractantur3
1189 1139 1417 1191 solemni
1474 1139 1724 1203 examini,
1773 1141 2022 1208 synodali
2055 1140 2260 1209 judicio

215 1213 596 1282 subjiciuntur,
639 1218 694 1266 et
734 1214 848 1282 ipse
890 1212 942 1266 S.
995 1213 1104 1266 Leo
1155 1232 1268 1265 non
1324 1218 1539 1266 accusat
1591 1214 1676 1265 vel
1725 1213 1960 1284 Legatos
2013 1233 2138 1267 suos
2178 1216 2260 1267 vel

214 1287 403 1340 Patres
445 1288 892 1340 Chalcedonensis
932 1288 1126 1357 synodi
1167 1288 1358 1340 violati
1415 1288 1600 1351 officii,
1659 1289 1744 1339 vel
1795 1289 2071 1358 sacrilegae
2120 1307 2260 1357 prae-

218 1363 544 1430 sumptionis
584 1367 637 1415 et
676 1362 1019 1425 temeritatiS,
1080 1362 1171 1414 sed
1224 1362 1495 1432 gloriatur
1548 1362 1606 1413 in
1646 1361 1899 1425 Domin0‚
1955 1363 2258 1431 epistolam,

213 1437 270 1488 in
310 1454 414 1505 qua
454 1437 761 1505 plenissime
800 1441 854 1489 et
894 1437 1222 1489 lucidissime
1262 1436 1420 1487 fidem
1460 1435 1783 1488 catholicam
1817 1443 2157 1505 exposuerat,
2199 1441 2258 1490 ut

214 1510 354 1562 idem
394 1510 793 1573 Leotestatur,
836 1510 1138 1579 epistolam,
1181 1529 1340 1579 quam
1382 1513 1499 1562 tota
1539 1513 1738 1563 sanctae
1766 1510 1906 1562 sedis
1932 1511 2260 1565 auctoritate

213 1584 468 1648 ediderat,
511 1585 896 1638 irretractabili
938 1585 1200 1637 universae
1241 1583 1609 1637 fraternitatis
1638 1602 1856 1636 assensu
1886 1585 2260 1639 confirmatam

211 1658 392 1710 fuisse.

360 1732 515 1785 Unde
555 1737 609 1785 et
650 1733 787 1784 illud
827 1736 997 1802 patet,
1051 1751 1159 1801 quo
1212 1751 1373 1785 sensu
1412 1732 1724 1801 accipienda
1765 1736 1895 1785 sunt
1933 1733 2028 1785 illa
2068 1734 2257 1786 verba:

217 1806 446 1860 «Prima
468 1807 615 1860 sedes
635 1825 734 1860 non
764 1808 1051 1873 judicatur
1090 1824 1122 1858 a
1156 1825 1430 1874 quoquam,
1444 1827 1468 1853 >>
1499 1811 1554 1859 et
1580 1807 1705 1859 illa:
1751 1806 2079 1876 «Nunquam
2105 1807 2262 1861 licuit

213 1881 276 1933 de
318 1900 379 1934 eo
420 1901 624 1944 rursus,
667 1882 810 1950 quod
850 1882 1011 1933 semel
1051 1885 1319 1934 statutum
1360 1885 1442 1934 est
1481 1882 1547 1933 ab
1575 1880 1896 1950 Apostolica
1935 1882 2073 1946 sede,
2116 1885 2259 1935 trac-

211 1956 370 2018 tari,»
416 1962 475 2009 ut
524 1956 686 2008 habet
740 1955 1053 2008 Bonifacius
1093 1955 1133 2009 I.
1187 1956 1252 2008 ad
1307 1955 1509 2007 Rufum
1561 1956 2093 2008 Thessalonicensem
2133 1960 2188 2010 et
2227 1976 2258 2009 a

213 2029 491 2082 Bonifacio
531 2030 601 2084 II.
645 2030 703 2082 in
743 2029 983 2083 Concilio
1025 2029 1269 2082 Romano
1310 2030 1561 2098 repetita,
1604 2034 1659 2083 et
1698 2030 1791 2082 illa
1839 2029 2038 2082 Gelasii
2097 2030 2253 2099 epist.

207 2102 356 2155 XIII.
396 2105 462 2156 ad
502 2105 752 2173 Episcop.
795 2104 1082 2156 Dardaniae
1122 2105 1186 2156 de
1226 2105 1347 2157 sede
1387 2103 1734 2172 Apostolica:
1780 2104 1966 2166 <Quod
2005 2104 2069 2156 de
2110 2105 2255 2157 omni

208 2177 446 2230 Ecclesia
487 2179 568 2231 fas
608 2178 803 2231 habeat
836 2178 1129 2247 judicandi,
1170 2197 1269 2231 nec
1309 2179 1557 2246 cuiquam
1597 2179 1659 2230 de
1698 2178 1858 2246 hujus
1899 2179 2060 2231 liceat
2105 2179 2254 2247 judi-

209 2270 327 2304 care
361 2253 618 2322 judicio,»
676 2256 728 2305 et
781 2271 862 2320 ep.
904 2252 1000 2304 IV.
1055 2253 1120 2304 ad
1161 2252 1452 2305 Faustum:
1511 2252 1700 2304 «Illam
1752 2253 1815 2303 de
1853 2256 1973 2305 tota
2012 2253 2253 2306 Ecclesia

201 2326 459 2395 judicare,
500 2327 673 2395 ipsam
713 2327 778 2378 ad
801 2326 1002 2378 nullius
1027 2345 1320 2378 commeare
1355 2326 1635 2396 judicium,
1677 2345 1775 2378 1166
1796 2326 1860 2378 de
1882 2328 1994 2395 ejus
2015 2346 2253 2396 unquam

208 2405 583 2469 praeceperunt
634 2400 840 2469 judicio
893 2400 1198 2469 judicare;»
1260 2419 1321 2452 ac
1380 2401 1600 2453 tandem
1658 2401 1821 2452 verba
1859 2401 1982 2452 illa:
2049 2400 2251 2454 «Nemo

209 2493 447 2542 unquam
486 2473 806 2543 Apostolico
848 2474 1087 2537 culmini,
1130 2475 1194 2526 de
1235 2477 1384 2543 cujus
1419 2475 1625 2543 judicio
1654 2475 1923 2527 nonlicet
1948 2476 2250 2539 retractari,

208 2567 397 2601 manus
439 2549 620 2601 obvias
661 2549 911 2601 audacter
951 2549 1173 2601 intulit:
1215 2567 1370 2600 nemo
1411 2549 1468 2600 in
1508 2549 1608 2601 hoc
1635 2549 1851 2601 rebellis
1891 2548 2102 2611 extitit3
2143 2550 2251 2602 nisi

207 2622 300 2690 qui
339 2623 401 2674 de
441 2641 496 2675 se
536 2623 710 2676 voluit
730 2622 1014 2692 judicari.»
1079 2621 1316 2689 (Nicolai
1338 2622 1379 2675 I.
1405 2623 1638 2691 epistola
1663 2622 1816 2676 VIII.
1839 2623 1906 2675 ad
1932 2621 2249 2676 Michaelem

206 2696 475 2765 imperat.)
557 2695 619 2749 In
660 2697 744 2750 his
785 2696 1051 2759 omnibuS,
1110 2698 1167 2750 1⁰
1207 2697 1480 2750 sententia
1536 2701 1733 2750 sanctae
1780 2697 1919 2750 sedis
1973 2697 2036 2750 de
2077 2699 2248 2751 causis

206 2770 345 2834 fidei,
386 2771 442 2823 in
481 2771 819 2824 oecumenicis
861 2771 1081 2839 synodis
1120 2775 1433 2834 retractata,
1475 2790 1617 2824 novo
1659 2771 1894 2823 examini
1921 2775 1975 2824 et
2001 2772 2248 2840 synodali

199 2844 403 2913 judicio
463 2847 719 2914 subjecta,
779 2863 986 2914 semper
1042 2850 1264 2914 excepta
1321 2845 1559 2915 intelligi
1617 2846 1790 2910 debet,
1854 2849 2022 2913 prout
2087 2865 2248 2914 supra

205 2919 505 2972 audivimus
544 2919 881 2972 Hadrianum
919 2919 979 2971 in
1019 2918 1261 2973 Concilio
1301 2919 1545 2972 Romano
1583 2920 1934 2987 proclamare,
1974 2919 2249 2972 ecclesiam

206 2992 501 3045 Romanam
541 2994 604 3046 de
645 2994 893 3047 omnibus
927 2993 1186 3062 judicare,
1228 2994 1401 3062 ipsam
1439 2996 1618 3045 autem
1666 3012 1696 3044 a
1735 2993 1947 3044 nemine
1993 2993 2246 3061 judicari,

209 3071 430 3135 excepta
485 3086 641 3120 causa
692 3069 846 3120 fidei:
900 3068 1043 3136 quod
1096 3068 1387 3120 concilium
1437 3067 1592 3119 Rom.
1648 3070 1702 3119 et
1745 3066 1802 3118 in
1850 3067 2079 3119 concilio
2120 3067 2244 3120 VII.

207 3141 530 3194 oecumenico
571 3142 904 3211 synodaliter
943 3143 1143 3194 lectum
1181 3146 1235 3195 et
1275 3142 1665 3211 proclamatum
1705 3144 1813 3193 est:
1857 3143 1911 3193 et
1948 3145 2009 3194 ut
2032 3145 2248 3196 constat

209 3232 272 3265 ex
312 3214 428 3282 ipsa
467 3217 798 3270 confessione
838 3215 890 3269 S.
931 3215 1126 3267 Leonis
1167 3215 1259 3279 M,
1313 3234 1377 3267 ex
1427 3214 1636 3282 synodo
1692 3213 2126 3279 Chalcedonensi,
2181 3235 2244 3268 ex

209 3288 635 3342 luculentissima
675 3291 1011 3343 confessione
1051 3293 1106 3342 et
1132 3289 1493 3342 declara-tione
1521 3288 1724 3356 quintae
1750 3289 1962 3357 synodi,
2004 3308 2066 3342 ex
2094 3295 2245 3344 sexta

209 3367 266 3413 et
303 3361 531 3430 septima
569 3364 792 3431 synodO,
833 3365 887 3416 in
930 3363 1122 3432 quibus
1154 3363 1480 3447 dogmaticae
1508 3365 1706 3415 sanctae
1733 3363 1870 3416 sedis
1899 3363 2242 3417 definitiones

209 3438 516 3488 retractatae
555 3441 683 3490 sunt
723 3442 778 3491 et
813 3457 957 3491 novo
999 3437 1229 3490 examini
1267 3441 1323 3489 et
1371 3435 1576 3506 judicio
1636 3437 1947 3506 suppositae.
2041 3438 2103 3490 2⁰
2140 3438 2242 3490 Illa

210 3509 426 3562 decreta
464 3509 542 3562 ita
579 3509 930 3582 intelligenda
970 3514 1114 3575 sunt,
1156 3514 1218 3563 ut
1255 3529 1365 3562 non
1405 3511 1561 3562 liceat
1599 3529 1630 3561 a
1667 3515 1854 3564 sancta
1892 3512 2012 3564 sede
2050 3513 2135 3563 vel
2174 3511 2240 3563 ad

208 3583 344 3635 alios
382 3583 708 3652 Episcopos:
750 3586 835 3638 vel
874 3585 1036 3638 etiam
1088 3584 1154 3636 ad
1195 3584 1481 3636 concilium
1517 3585 1898 3638 oecumenicum
1949 3585 2238 3654 appellare,

211 3675 270 3713 eo
311 3675 469 3712 sensu
508 3660 562 3713 et
599 3663 823 3732 propter
861 3659 980 3715 illas
1018 3658 1274 3724 rationes,
1315 3677 1446 3732 quas
1485 3677 1649 3733 supra
1685 3659 2061 3718 recensuimus.
2139 3658 2240 3715 Illa
