2722 4146
481 324 552 376 90

481 490 730 534 canoneS,
773 474 966 526 contra
1005 490 1216 524 omnem
1254 473 1564 542 aequitatem
1601 491 1766 544 agens
1806 475 1862 527 et
1899 471 2195 526 Ecclesiam
2220 471 2320 526 Dei
2359 492 2517 528 enor-

480 547 641 599 miter
680 546 1003 615 perturbans
1043 547 1096 597 et
1135 547 1520 611 scandalizans,
1563 546 1863 601 Concilium
1903 565 2196 599 convocare
2230 565 2342 599 non
2381 549 2516 612 vult,

479 622 563 674 vel
604 620 843 675 Concilio
883 620 949 672 ad
989 619 1305 674 medendum
1343 623 1514 686 malie,
1555 623 1619 675 ad
1660 621 2043 692 pacificandam
2070 621 2359 675 Ecclesiam
2389 641 2516 675 con-

477 699 704 766 gregato
744 695 829 747 vel
870 695 1249 764 congregando
1290 696 1546 750 interesse
1585 698 1784 766 absque
1826 697 1934 750 ulla
1973 696 2186 750 ratione
2232 699 2287 749 et
2326 701 2515 752 contra

479 788 634 822 omne
668 771 756 838 jus
795 772 1025 832 recusat,
1067 769 1240 822 adhuc
1278 790 1493 825 manere
1530 771 1823 825 Ecclesiam
1860 770 1977 831 Dei,
2029 771 2169 823 hanc
2222 770 2516 826 Ecclesiam

477 844 672 896 habere
704 845 811 912 jus,
866 846 927 895 ut
967 842 1024 895 in
1065 842 1364 898 Concilium
1415 864 1527 898 sese
1580 849 1873 917 congreget
1911 845 1978 898 ad
2015 845 2270 900 tuendam
2310 846 2518 900 incolu-

477 918 720 971 mitatem
772 917 943 971 totius
997 919 1271 988 corporis:
1325 920 1625 990 Episcopos
1665 921 1742 974 ita
1781 924 2139 990 congregatos
2178 920 2421 990 legitime
2460 921 2517 974 in

478 992 689 1061 Spiritu
739 996 928 1045 sancto
978 1011 1089 1045 esse
1142 998 1530 1065 congregatos:
1586 995 1888 1048 Concilium
1925 994 2166 1064 accipere
2212 995 2518 1049 immediate

475 1087 506 1119 a
546 1065 762 1120 Christo
802 1086 953 1120 suam
992 1071 1336 1136 potestatem,
1379 1069 1684 1122 universam
1734 1069 2026 1122 Ecclesiam
2079 1068 2206 1122 licet
2257 1073 2515 1139 aegrotam

476 1146 876 1210 repraesentare,
935 1145 990 1195 et
1046 1141 1164 1196 ideo
1223 1163 1383 1213 posse
1441 1144 1759 1215 contingere
1818 1163 1985 1208 casuS,
2045 1143 2101 1195 in
2144 1143 2338 1212 quibus
2377 1144 2520 1198 adsit

476 1234 677 1277 verum,
736 1216 1044 1286 legitimum
1102 1221 1156 1271 et
1212 1218 1597 1272 oecumenicum
1641 1218 1942 1272 Concilium
1995 1217 2109 1270 sine
2148 1217 2324 1287 Papa:
2373 1237 2421 1272 v.
2463 1237 2513 1289 g.

475 1289 777 1343 Concilium
832 1291 1086 1344 Pisanum
1138 1295 1192 1345 et
1234 1292 1530 1346 Concilium
1591 1292 2006 1346 Constantiense
2063 1292 2121 1344 in
2178 1292 2367 1361 primis
2407 1312 2515 1346 ses-

475 1364 716 1418 sionibus
758 1384 926 1435 usque
965 1366 1030 1418 ad
1072 1367 1387 1420 electionem
1427 1367 1654 1422 Martini
1694 1367 1760 1421 V.

627 1440 688 1492 6⁰
727 1439 812 1493 Ita
852 1440 1006 1494 Rom.
1047 1441 1368 1495 Pontificem
1406 1443 1600 1495 habere
1639 1442 1933 1511 primatum
1972 1441 2195 1494 honoris
2249 1445 2303 1494 et
2348 1441 2515 1511 juris-

475 1513 748 1578 dictionis,
787 1515 984 1567 habere
1022 1516 1235 1584 plenam
1275 1520 1598 1586 potestaten]
1642 1517 1700 1569 in
1739 1517 2045 1570 universam
2091 1515 2402 1580 Ecclesiam,
2457 1520 2517 1570 ut

474 1593 658 1642 tamen
699 1591 815 1643 tota
856 1590 1225 1644 ecclesiasticae
1265 1592 1551 1660 potestatis
1591 1592 1892 1661 plenitudo,
1945 1609 2254 1659 supremum
2294 1594 2349 1644 et
2389 1590 2517 1643 ulti-

477 1682 621 1716 mum
655 1663 934 1734 judicium,
975 1666 1163 1734 regula
1202 1667 1342 1730 fidei,
1402 1685 1511 1719 non
1567 1666 1625 1718 in
1665 1666 1822 1718 unius
1875 1665 2029 1718 Rom.
2072 1665 2354 1718 Pontificis
2394 1683 2516 1734 per-

475 1737 650 1790 sonali
699 1741 753 1790 et
806 1757 837 1790 a
886 1742 1007 1792 tota
1047 1740 1284 1793 Ecclesia
1335 1741 1725 1810 independente
1764 1739 2090 1794 auctoritate
2129 1739 2336 1793 fuerint
2389 1758 2516 1791 con-

477 1812 690 1875 stituta,
730 1812 820 1865 sed
859 1813 919 1865 in
957 1816 1203 1868 unanimi
1242 1815 1515 1868 Ecclesiae
1554 1816 1814 1883 suffi·(19io
1854 1819 1903 1867 et
1941 1831 2203 1866 consensu.

628 1887 688 1938 7⁰
729 1887 981 1950 Quaenam
1032 1908 1158 1942 vero
1216 1890 1288 1942 sit
1328 1889 1519 1943 relatio
1560 1889 1703 1942 inter
1742 1889 1896 1941 Rom.
1951 1887 2272 1941 Pontificem
2318 1891 2371 1940 et
2419 1887 2514 1940 Ec-

477 1961 708 2024 clesiam,
751 1961 971 2030 quinam
1010 1964 1083 2017 sit
1121 1965 1329 2028 modus,
1371 1983 1476 2034 quo
1517 1963 1922 2017 determinanda
1961 1963 2035 2015 sit
2071 1962 2129 2014 in
2169 1966 2422 2015 concreto
2462 1965 2515 2015 et

475 2036 782 2089 executioni
839 2038 1139 2091 mandanda
1195 2039 1458 2108 primatus
1517 2042 1775 2107 potestaS,
1836 2038 1892 2091 in
1950 2037 2053 2090 hoc
2093 2041 2312 2090 nutasse
2369 2037 2514 2089 illius

476 2110 656 2164 saeculi
696 2111 943 2165 doctores
984 2117 1038 2165 et
1078 2113 1260 2182 plures
1297 2113 1536 2184 graviter
1575 2131 1837 2182 peccasse.

623 2185 758 2247 Quia
798 2205 926 2240 vero
966 2188 1096 2240 fides
1148 2188 1398 2240 Ecclesiae
1451 2190 1532 2240 est
1570 2207 1677 2240 una
1717 2191 1771 2240 et
1810 2186 2160 2239 immutabilis
2211 2204 2311 2238 nec
2349 2185 2515 2238 alium

475 2259 780 2330 profectum
819 2261 1078 2325 admittit,
1121 2263 1227 2314 nisi
1267 2266 1328 2315 ut
1368 2263 1425 2314 in
1466 2262 1648 2314 eadem
1687 2263 1972 2325 sententia,
2013 2261 2071 2312 in
2098 2261 2280 2314 eodem
2315 2260 2513 2329 spiritu

474 2334 644 2404 magis
702 2336 979 2405 magisque
1040 2355 1153 2390 sese
1204 2337 1465 2406 explicet,
1537 2340 1826 2406 antequam
1883 2335 2088 2405 aliquid
2148 2335 2514 2389 constituatur

476 2409 617 2462 circa
657 2408 807 2462 illam
846 2411 1166 2475 doctrinam,
1227 2428 1342 2480 quae
1382 2412 1537 2464 docet
1575 2411 1730 2463 Rom.
1771 2410 2054 2463 Pontificis
2094 2409 2428 2478 personalem
2461 2411 2514 2461 et

474 2503 505 2534 a
544 2486 662 2535 tota
703 2483 941 2537 Ecclesia
980 2485 1431 2554 independentem
1471 2504 1775 2553 supremam
1815 2489 1868 2538 et
1907 2484 2246 2537 infallibilem
2279 2482 2516 2536 auctori-

475 2560 667 2619 tatem,
731 2562 1005 2626 oporteret
1057 2560 1197 2611 clare
1255 2561 1626 2612 demonstrare
1683 2561 1820 2611 hanc
1859 2559 2162 2612 doctrinam
2209 2577 2513 2627 expressam

475 2630 767 2684 secundum
804 2632 955 2684 illam
994 2633 1336 2696 sententiam,
1378 2632 1670 2685 secundum
1709 2633 1865 2684 illum
1903 2633 2174 2701 spiritum,
2221 2633 2512 2686 secundum

475 2706 626 2757 illam
665 2702 840 2769 fidem,
881 2723 998 2775 quae
1036 2708 1294 2777 vigebant
1331 2725 1539 2776 semper
1579 2706 1637 2758 in
1678 2706 1917 2759 Ecclesia
1966 2710 2129 2775 atque
2181 2707 2311 2760 adeo
2353 2707 2512 2759 etiam

475 2780 573 2832 illo
614 2781 808 2834 saeculo
847 2780 965 2834 XV.

623 2852 736 2906 Nee
795 2855 862 2907 ad
919 2855 1292 2908 labefactanda
1330 2873 1406 2918 ea,
1467 2871 1583 2923 quae
1622 2854 1763 2907 dicta
1801 2857 1946 2917 sunt,
2004 2854 2212 2906 faciunt
2252 2872 2335 2916 ea,
2395 2870 2511 2923 quae

476 2932 666 2982 contra
704 2930 1040 2998 appellantes
1079 2949 1110 2982 a
1149 2929 1419 2982 sententia
1459 2928 1608 2982 Sedis
1648 2928 1959 2998 apostolicae
1998 2930 2204 2981 statuta
2251 2927 2441 2981 dicunt
2480 2948 2511 2980 a

475 3003 712 3056 Martino
751 3003 818 3058 V.
861 3004 920 3057 in
960 3004 1353 3058 constitutione
1392 3003 1740 3065 Constantiae,
1793 3019 1909 3074 qua}
1948 3002 2128 3055 omnia
2167 3002 2327 3054 unius
2376 3001 2510 3056 G‘er-

475 3077 621 3130 801118
680 3078 991 3132 testimonio
1049 3079 1322 3142 nituntur,
1381 3078 1435 3130 id
1482 3082 1588 3131 est:
1653 3076 1838 3130 «Nulli
1897 3077 1976 3129 fas
2035 3080 2118 3130 est
2173 3097 2204 3129 a
2261 3095 2508 3147 supremo

470 3151 666 3219 judice,
707 3153 959 3207 videlicet
996 3153 1296 3222 apostolica
1323 3151 1470 3216 Sede,
1512 3171 1603 3205 seu
1638 3152 1793 3205 Rom.
1822 3151 2103 3214 Pontifice,
2145 3151 2273 3204 Jesu
2310 3151 2510 3206 Christi

475 3225 525 3277 V
531 3226 693 3278 icario
733 3227 792 3278 in
827 3228 991 3280 terris
1030 3229 1354 3298 appellare,»
1396 3246 1523 3279 nam
1560 3246 1656 3296 per
1694 3226 1804 3279 haec
1843 3226 2005 3277 verba
2031 3227 2182 3279 nullo
2210 3227 2369 3280 modo
2397 3230 2509 3280 sta-

474 3299 669 3363 tuitur,
710 3300 864 3353 Rom.
905 3301 1190 3355 Pontificis
1241 3302 1576 3371 personalem
1627 3305 1681 3355 et
1735 3320 1766 3353 a
1805 3302 1922 3353 tota
1972 3300 2210 3353 Ecclesia
2248 3300 2507 3370 indepen-

474 3373 688 3426 dentem
726 3393 1028 3443 supremam
1068 3380 1122 3430 et
1161 3376 1499 3430 infallibilem
1525 3375 1934 3428 auctoritatem:
1976 3375 2063 3426 sed
2099 3376 2155 3427 1ο
2186 3392 2296 3444 prae
2316 3375 2507 3428 ceteris

477 3447 726 3500 omnibus
776 3448 1066 3518 judicibus,
1124 3469 1432 3520 supremum
1481 3450 1716 3520 judicem
1773 3467 1884 3502 esse
1943 3448 2097 3502 Rom.
2133 3448 2504 3503 Pontificem:

477 3522 540 3574 2⁰
579 3540 691 3574 non
730 3539 844 3575 esse
881 3522 1178 3577 faciendam
1215 3525 1634 3595 appellationem
1671 3525 1738 3578 ad
1775 3522 1910 3575 alios
1942 3523 2168 3593 judiceS,
2208 3524 2332 3592 quia
2377 3526 2506 3576 sunt

475 3595 789 3650 inferiores:
835 3596 894 3648 3⁰
932 3615 1032 3649 nec
1069 3599 1136 3650 ad
1177 3599 1477 3653 Concilium
1515 3597 1914 3660 oecumenicum,
1957 3598 2082 3667 quia
2120 3597 2223 3650 hoc
2268 3616 2379 3650 11011
2425 3600 2506 3650 est

477 3674 783 3755 separatum
819 3689 851 3722 a
891 3669 1050 3740 Papa,
1103 3676 1157 3725 et
1195 3673 1338 3742 Papa
1390 3692 1510 3726 cum
1550 3672 1791 3727 Concilio
1839 3671 2167 3725 oecumenico
2217 3690 2330 3724 non
2375 3673 2504 3724 sunt

477 3743 585 3801 nisi
623 3763 764 3802 unus
801 3747 859 3801 et
894 3763 1175 3818 supremus
1207 3747 1399 3820 J‘udex3
1440 3749 1503 3804 4⁰
1535 3746 1777 3820 judicare
1814 3763 1883 3800 an
1922 3764 2079 3802 causa
2116 3746 2189 3802 sit
2228 3743 2501 3817 ejusmodi,
