2612 4062
399 290 505 345 116

399 444 518 509 quae
555 438 882 501 habuerunt,
924 434 1032 489 nisi
1073 432 1372 504 simplicem
1411 454 1568 488 usum
1591 434 1742 490 facti.
1818 431 2072 490 Profecto
2101 433 2303 492 directe
2340 434 2445 494 1100

398 514 466 566 ad
505 513 664 566 fidem
702 531 815 566 non
855 510 1115 581 pertinet,
1158 528 1279 562 cum
1319 509 1383 562 de
1410 509 1514 563 hoc
1539 510 1802 564 articulus
1841 529 1953 564 non
1979 512 2054 574 sit
2093 513 2307 582 aliquis,
2347 533 2446 568 nec

400 589 499 641 sub
540 606 647 657 quo
689 588 865 639 valeat
906 584 1317 653 comprehendi,
1377 588 1441 638 ut
1491 589 1643 654 patet
1693 585 1752 638 in
1803 586 2093 654 symbolis,
2151 587 2210 639 in
2249 589 2445 657 quibus

398 662 619 716 articuli
659 661 785 714 fidei
825 659 1212 722 continentur3
1253 676 1351 711 nec
1391 660 1553 712 etiam
1592 659 1826 725 reducte,
1867 679 1934 713 ne
1972 662 2126 730 quasi
2151 662 2257 715 hoc
2295 681 2446 716 sacra

398 737 670 805 scriptura
723 734 1030 796 contineat3
1091 752 1199 802 quo
1249 737 1449 804 negato
1499 737 1620 787 tota
1678 753 1829 788 sacra
1879 735 2151 804 scriptura
2200 737 2446 791 redditur

397 811 560 863 dubia
588 814 723 862 etc.»
803 809 889 862 Ita
914 807 1152 861 Joannes
1194 808 1253 859 in
1292 808 1489 861 decret.
1573 809 1714 874 Quia
1739 811 2087 877 quorundam,
2129 811 2215 864 cui
2242 811 2445 865 ultimae

397 884 688 937 assertioni
740 883 854 952 ipse
900 882 1142 936 Joannes
1182 882 1356 935 XXII.
1409 882 1685 936 Decretali
1741 883 1911 937 «Cum
1949 886 2091 938 inter
2128 887 2439 940 nonnullos»

397 958 708 1028 oppositum
760 958 1059 1010 definierat.
1140 957 1223 1010 Ibi
1277 957 1419 1009 enim
1473 957 1710 1011 dixerat:
1767 959 1938 1011 «hanc
1990 960 2443 1029 propositionem,

401 1033 545 1101 quod
587 1032 836 1086 Christus
878 1037 932 1085 et
972 1032 1228 1101 Apostoli
1267 1032 1326 1084 in
1365 1032 1586 1100 speciali
1626 1051 1738 1086 non
1778 1033 2068 1087 habuerint
2107 1035 2305 1104 aliqua,
2347 1054 2446 1088 nec

396 1108 455 1159 in
497 1107 801 1160 communi»
846 1125 958 1159 esse
998 1124 1279 1159 erroneam
1320 1110 1373 1159 et
1398 1107 1723 1171 haereticam,
1767 1108 1892 1176 quia
1921 1109 2246 1162 contradicit
2273 1110 2444 1179 scrip-

397 1186 550 1246 turae,
596 1199 715 1250 quae
743 1182 891 1245 dicit,
934 1182 1081 1250 ipsos
1121 1181 1301 1250 aliqua
1346 1181 1611 1245 habuisse,
1652 1182 1928 1251 ipsamque
1965 1183 2308 1252 scripturam,
2349 1203 2445 1254 per

396 1275 555 1325 quam
594 1256 717 1309 fidei
739 1257 1041 1325 probantur
1068 1255 1302 1319 articuli,
1344 1255 1652 1308 mendacem
1679 1257 1838 1309 facit:
1880 1258 2090 1326 pariter
2117 1259 2277 1310 aliam
2319 1278 2445 1327 pro-

396 1331 739 1399 positionem,
783 1331 927 1402 quod
957 1330 1205 1383 Christus
1247 1334 1300 1382 et
1327 1329 1584 1398 Apostoli
1624 1331 1683 1383 in
1722 1331 1824 1395 his,
1868 1350 1985 1400 quae
2011 1332 2157 1400 ipsos
2197 1333 2445 1386 habuisse

395 1406 670 1474 scriptura
710 1409 961 1469 testatur,
1003 1423 1342 1474 nequaquam
1382 1404 1516 1473 ipsis
1550 1406 1639 1474 jus
1681 1405 1887 1471 utendi,
1928 1407 2013 1458 vel
2052 1406 2315 1472 donandi,
2358 1408 2443 1460 vel

395 1480 661 1532 vendendi
711 1479 1083 1548 competierit,
1134 1479 1357 1532 damnat
1395 1483 1456 1532 ut
1503 1498 1784 1532 erroneam
1834 1484 1890 1533 et
1938 1481 2264 1547 haereticam,
2317 1482 2445 1551 quia

397 1554 658 1607 adscribit
701 1554 917 1607 Christo
959 1554 1255 1622 simplicem
1307 1573 1464 1606 usum
1503 1555 1660 1619 facti,
1716 1555 1829 1607 sine
1876 1556 1999 1625 jure
2051 1556 2267 1621 utendi,
2322 1558 2356 1609 i.
2399 1575 2441 1612 e.

399 1629 660 1682 adscribit
701 1628 920 1682 Christo
961 1629 1234 1682 actionem
1273 1629 1548 1698 injustam.

546 1703 827 1771 Euyenius
865 1702 959 1757 IV.
1021 1703 1079 1755 in
1133 1703 1328 1755 decret.
1390 1722 1490 1772 pro
1542 1701 1794 1756 Armenis
1856 1703 1998 1756 circa
2054 1704 2328 1759 Incarnat.
2389 1710 2443 1758 et

400 1776 633 1831 Sacram.
688 1778 887 1841 tradit,
951 1778 1233 1830 materiam
1286 1776 1619 1830 Sacramenti
1671 1778 1878 1831 ordinis
1931 1797 2043 1831 esse
2093 1780 2443 1833 traditionem

400 1852 910 1915 instrumentorum,
953 1856 1007 1905 et
1035 1853 1266 1904 formam
1292 1853 1472 1915 verba,
1515 1852 1710 1921 quibus
1738 1852 2103 1906 instrumenta
2129 1855 2441 1919 traduntur,

390 1929 451 1979 et
491 1931 675 1980 tamen
715 1930 929 1980 constat
969 1945 1033 1978 ex
1059 1927 1306 1991 historia,
1347 1945 1409 1978 ex
1448 1926 1738 1980 ritualibus
1777 1931 1831 1980 et
1858 1946 1921 1980 ex
1948 1929 2208 1993 conciliis,
2252 1928 2444 1982 Orien-

395 2002 532 2055 tales
574 2002 824 2054 ecclesias
865 2003 931 2054 ab
971 2001 1131 2054 initio
1173 2002 1239 2053 ad
1278 2001 1420 2054 hanc
1459 2001 1614 2065 diem,
1668 2005 1723 2054 et
1761 2002 2009 2054 ecclesias
2049 2002 2274 2056 Latinas
2314 2008 2440 2057 ante

389 2076 649 2129 saeculum
686 2076 752 2129 X.
794 2095 902 2129 non
958 2076 1244 2145 agnovisse
1296 2076 1457 2128 aliam
1504 2076 1787 2128 materiam
1827 2075 2161 2130 Sacramenti
2214 2079 2439 2143 ordiniS,

392 2151 500 2203 nisi
553 2151 960 2220 impositionem
1010 2169 1294 2214 manuum,
1347 2168 1445 2202 nec
1484 2150 1644 2202 aliam
1685 2152 1915 2203 formam
1964 2151 2071 2203 nisi
2118 2153 2439 2217 orationem,

393 2244 498 2294 qua
539 2225 841 2295 Episcopus
882 2225 1100 2278 invocat
1128 2224 1395 2294 Spiritum
1437 2230 1684 2278 sanctum
1723 2244 1885 2294 super
1925 2226 2257 2279 ordinandis

540 2300 801 2354 Nicolaus
828 2299 886 2353 P.
909 2300 1186 2353 Romanus
1213 2300 1273 2352 in
1299 2300 1653 2368 responsione
1692 2299 1759 2352 ad
1800 2300 2047 2353 consulta
2076 2300 2440 2371 Bulgarorum

393 2374 551 2435 dicit,
604 2375 817 2427 «valere
867 2374 1222 2442 baptismum,
1275 2374 1322 2428 si
1373 2375 1432 2428 in
1485 2374 1706 2426 nomine
1755 2379 1944 2428 sancto
1985 2375 2301 2441 Trinitatis,
2355 2376 2440 2429 vel

395 2452 608 2501 tantum
647 2449 705 2501 in
747 2448 951 2502 Christi
991 2449 1239 2502 nomine»
1283 2448 1512 2501 collatus
1553 2449 1733 2502 fuerit.

543 2522 677 2575 Cum
714 2522 984 2575 Henricus
1024 2522 1092 2576 V.
1133 2522 1437 2591 Imperator
1476 2523 1824 2592 privilegium
1863 2543 1895 2576 a
1933 2523 2195 2578 Paschali
2219 2524 2302 2577 ΙΙ.
2342 2543 2440 2594 per

394 2597 504 2653 vim
543 2597 852 2660 extorserit,
894 2600 958 2649 ut
994 2596 1154 2649 electi
1191 2615 1305 2649 non
1344 2601 1812 2662 consecrarentur,
1855 2598 1962 2651 nisi
2000 2600 2066 2651 ab
2106 2599 2441 2668 Imperatore

394 2690 490 2740 per
529 2672 783 2724 baculum
821 2671 972 2740 prius
1011 2670 1287 2723 investiti:
1338 2670 1392 2722 id
1431 2670 1511 2722 ita
1550 2670 1810 2735 habitum,
1851 2690 1913 2724 ac
1951 2673 1998 2725 si
2037 2673 2344 2742 Imperator
2381 2673 2439 2726 in

392 2746 641 2799 haeresim
669 2746 1043 2799 consensisset.
1085 2744 1276 2813 Itaque
1302 2743 1654 2796 Lateranensi
1680 2743 1779 2799 III.
1811 2745 2055 2800 Concilio
2085 2751 2436 2819 congregato,

393 2820 650 2874 Pontifex
689 2820 769 2874 ait
804 2823 944 2874 teste
984 2818 1248 2872 Godfrido
1287 2818 1652 2871 Viterbiensi:

542 2894 630 2948 Me
669 2913 883 2965 quoque
921 2894 1242 2947 Pontificem
1279 2912 1391 2946 non
1428 2893 1546 2946 fore
1578 2894 1729 2962 jussa
1767 2893 1905 2958 date,

545 2969 774 3022 Ordinet
811 2968 1053 3022 Ecclesia
1091 2968 1207 3022 sine
1245 2985 1345 3031 me,
1389 2967 1652 3037 quidquid
1689 2968 1882 3036 placet,
1923 2967 2122 3037 inquit,
2182 2974 2240 3023 at
2278 2971 2438 3040 Epis-

397 3043 521 3112 copi
559 3062 896 3114 nequaquam
937 3043 996 3097 in
1035 3043 1139 3097 hoc
1178 3045 1596 3107 consenserunt,
1650 3042 1743 3094 sed
1792 3042 2139 3114 privilegium
2188 3046 2438 3098 condem-

396 3122 615 3182 narunt,
660 3122 724 3172 ut
760 3118 904 3188 quod
945 3122 1086 3172 esset
1127 3120 1353 3171 «contra
1393 3115 1665 3186 Spiritum
1713 3120 1960 3170 sanctum
2017 3122 2072 3171 et
2124 3120 2438 3174 canonicam

397 3190 817 3248 institutionem.
829 3213 854 3241 »

544 3265 675 3319 Haec
712 3271 865 3337 gesta
903 3270 1036 3321 sunt
1071 3284 1216 3320 anno
1263 3269 1424 3329 1112,
1481 3281 1588 3334 quo
1625 3267 1867 3334 tempore
1907 3264 2085 3319 Guido
2124 3266 2438 3338 Archiepis-

397 3357 566 3409 copus
606 3339 950 3405 ViennensiS,
992 3344 1182 3411 postea
1222 3339 1465 3394 Calixtus
1503 3338 1562 3393 P.
1590 3338 1649 3392 P.
1688 3338 1760 3403 II,
1803 3339 2112 3394 Viennense
2151 3342 2437 3396 concilium

396 3413 607 3468 habuit.
683 3413 808 3483 Ipse
847 3414 1025 3469 Guido
1078 3415 1418 3468 decretorum
1467 3431 1728 3466 summam
1779 3414 1846 3466 ad
1883 3414 2196 3468 Paschalem
2246 3416 2436 3470 Ponti-

398 3488 554 3543 ficem
590 3488 881 3558 perscribit
916 3489 1002 3544 his
1054 3489 1258 3543 verbis:
1316 3487 1530 3559 «Igitur
1581 3486 1822 3541 dictante
1863 3487 2072 3558 Spiritu
2110 3494 2298 3544 sancto
2349 3490 2436 3544 in-

398 3562 722 3616 vestituram
760 3580 971 3635 omnem
1009 3564 1091 3617 rei
1129 3561 1502 3618 ecclesiasticae
1541 3560 1605 3615 de
1640 3579 1804 3614 manu
1855 3562 1991 3616 laica
2035 3564 2284 3618 haeresim
2322 3582 2436 3618 esse

393 3637 786 3707 judicavimus»
827 3641 929 3691 etc.
2510 3681 2516 3686 .

545 3710 755 3767 Harum
790 3711 1130 3766 decretarum
1166 3730 1199 3765 a
1235 3711 1385 3782 Papa
1422 3709 1888 3765 confirmationem
1924 3711 2070 3782 petit
2117 3711 2432 3783 subditque:
