2722 4146
2175 280 2241 334 31

203 431 587 500 repraesentas:
631 446 790 496 super
829 430 900 493 te,
942 426 1034 497 qui
1075 427 1311 482 omnium
1355 426 1796 492 christianorum,
1856 424 1949 497 qui
1990 426 2248 481 credituri

204 508 348 569 sunt,
388 522 472 556 me
512 521 624 555 esse
664 502 938 556 Christum
968 502 1165 555 Filium
1191 503 1291 555 Dei
1320 504 1445 568 vivi,
1483 504 1826 572 omniumque
1853 502 2248 586 Apostolorum

203 583 259 632 et
296 595 678 640 successorum,
721 577 810 646 qui
853 576 991 630 hanc
1032 578 1187 630 fidem
1227 578 1600 655 praedicabunt
1653 581 1707 630 et
1764 577 2049 640 docebunt,
2102 577 2247 646 geris

204 657 430 722 propter
469 650 827 736 Apostolatus
856 651 938 704 tui
964 651 1256 735 primatum
1287 638 1521 722 figurata
1547 651 1902 722 generalitate
1935 669 2245 719 personam;

204 745 363 796 super
404 729 475 788 te,
516 725 575 777 in
614 744 720 794 quo
761 725 932 777 veluti
971 726 1029 778 in
1069 727 1271 779 vertice
1310 731 1365 779 et
1405 745 1653 794 supremo
1695 726 1827 778 duce
1854 743 2036 778 omnes
2063 724 2247 776 fideles

205 805 487 869 totumque
527 799 816 868 collegium
856 798 1235 868 Apostolicnm
1274 800 1656 862 reassumitur3
1699 818 1858 868 super
1891 802 1963 862 te,
2005 799 2244 883 inquam,

205 875 507 927 credentem
548 877 602 926 et
639 874 938 937 docentem,
981 893 1063 926 me
1105 893 1216 927 esse
1257 874 1533 927 Christum
1572 874 1770 926 Filium
1797 873 1897 925 Dei
1923 873 2247 935 111111,ωάἱὸ-

206 950 334 1001 cabo
377 947 667 1000 Ecclesiam
710 967 898 1011 meam,
955 968 1114 1017 super
1164 967 1247 1000 me
1299 949 1491 1017 ipsum,
1552 967 1711 1016 super
1763 948 1938 1011 fidem,
2000 966 2082 1000 me
2136 965 2248 999 esse

207 1023 481 1075 Christum
521 1021 718 1074 Filium
761 1022 875 1087 Dei,
920 1023 1111 1075 ultimo
1151 1023 1434 1075 fundatam
1474 1026 1526 1075 et
1566 1023 1848 1075 firmatam.

355 1096 430 1150 Et
461 1102 650 1162 portae
692 1098 849 1163 mf'cri
887 1115 986 1149 ozon
1019 1097 1402 1163 praevalebunt
1442 1098 1696 1149 adscrsus
1723 1115 1868 1149 eam:
1907 1101 1961 1148 et
1985 1095 2105 1159 tibi,
2142 1114 2250 1147 una

207 1190 326 1224 011111
369 1172 713 1239 coapostolis,
755 1190 890 1240 quos
930 1175 1154 1240 propter
1183 1172 1521 1240 apostolatus
1550 1171 1632 1224 tui
1657 1171 2024 1239 principatum
2050 1188 2249 1238 reprae-

206 1250 400 1309 sentas,
443 1246 642 1314 quique
682 1246 738 1297 in
789 1250 859 1309 te,
915 1247 1063 1298 velut
1116 1246 1171 1297 in
1226 1264 1475 1315 supremo
1527 1245 1771 1314 principe
1822 1247 2246 1307 reassumuntur,

207 1321 340 1372 dabo
384 1320 555 1371 claves
598 1321 750 1390 regni
792 1321 1064 1383 coelorum,
1107 1324 1161 1373 et
1200 1321 1555 1389 quodcunque
1597 1361 1607 1371 .
1653 1365 1662 1374 .
1709 1365 1718 1374 .
1779 1318 1918 1370 Nam
1958 1319 2250 1370 secundum

208 1394 716 1463 interpretationem
758 1394 981 1447 Patrum
1040 1399 1093 1447 et
1154 1395 1437 1447 doctorum
1494 1412 1795 1463 graecorum
1853 1396 1908 1445 et
1954 1392 2251 1445 latinorum

208 1474 324 1521 tum
367 1469 528 1520 verba
568 1469 690 1520 illa:
737 1469 1081 1535 Quaecunque
1122 1470 1475 1536 (zllv’yaveritv's
1515 1509 1525 1519 .
1570 1513 1579 1522 .
1622 1509 1633 1519 .
1676 1477 1730 1521 et
1768 1467 1891 1519 illa:
1935 1466 2253 1520 Sicutmisit

210 1563 288 1595 me
331 1544 516 1605 Pater,
557 1549 605 1595 ct
644 1562 734 1611 (290
776 1545 926 1596 ‘mitto
964 1562 1080 1595 2²08:
1122 1544 1344 1609 accipite
1385 1542 1650 1608 Spiritum
1703 1547 1968 1594 sanctum:
2030 1559 2251 1608 quorum

207 1619 523 1670 reneiseritis
553 1623 775 1683 peecata
817 1660 827 1670 .
874 1661 882 1670 .
929 1658 939 1668 .
981 1622 1034 1670 et
1075 1618 1198 1669 illa:
1242 1616 1446 1668 Emzfes
1487 1617 1658 1668 docete
1698 1632 1872 1668 omnes
1909 1621 2086 1683 {semes
2127 1657 2138 1668 .
2183 1658 2193 1667 .
2238 1657 2248 1667 .

209 1696 324 1743 tum
365 1691 476 1754 illa,
533 1710 651 1760 quae
709 1692 851 1744 dicta
910 1696 1040 1744 sunt
1079 1691 1270 1744 Petro:
1334 1690 1504 1756 Super
1561 1691 1693 1743 have
1733 1696 1946 1756 petram
1991 1733 2000 1743 .
2047 1731 2056 1739 .
2104 1731 2112 1740 .
2157 1689 2253 1741 tibi

211 1766 346 1818 dabo
386 1766 555 1818 claves
596 1807 606 1818 .
653 1808 661 1817 .
711 1811 718 1818 .
763 1784 928 1832 pasce
980 1783 1150 1832 (191103
1200 1783 1352 1818 meos.
1391 1783 1557 1830 pasce
1596 1781 1711 1817 oves
1752 1782 1926 1817 meas:
1977 1764 2043 1816 ad
2082 1764 2250 1831 ipsam

213 1840 504 1892 Ecclesiam
544 1839 886 1910 diriguntur:
942 1842 1117 1908 primo
1160 1839 1472 1909 diriguntur
1512 1840 1578 1891 ad
1619 1839 1932 1902 Ecclesiam,
1987 1842 2252 1907 quatenus

211 1916 700 1982 repraesentabatur
753 1935 782 1966 a
835 1915 1113 1967 duodecim
1166 1913 1478 1982 Apostolis:
1533 1913 1767 1966 secundo
1820 1913 2134 1982 diriguntur
2187 1912 2253 1962 ad

211 1989 521 2052 Ecclesiam,
577 1993 841 2057 quatenus
894 2009 923 2041 a
977 1989 1155 2052 Petro,
1216 1992 1278 2041 ut
1316 2008 1346 2040 a
1394 1988 1569 2056 capite
1621 1988 2139 2056 repraesentabatur:
2201 1990 2253 2037 et

212 2063 654 2131 quemadmodum
698 2065 884 2116 verba:
930 2082 1146 2130 q‘uormn
1190 2065 1507 2115 remiseritis
1550 2107 1559 2116 .
1635 2107 1644 2116 .
1687 2080 2019 2128 quaec-amque
2066 2061 2257 2127 cdliya-

210 2139 394 2190 ‘verilis
438 2182 444 2189 .
493 2182 501 2190 .
547 2180 557 2190 .
600 2157 710 2190 11011
739 2139 1050 2202 excludunt,
1092 2138 1179 2190 sed
1210 2137 1675 2206 comprehendunt
1702 2136 1923 2189 Petrum
1951 2139 2003 2188 et
2043 2134 2257 2204 quidem

213 2217 274 2265 nt
314 2217 502 2280 caput:
547 2213 624 2264 ita
665 2214 826 2264 verba
870 2213 995 2264 illa:
1037 2230 1195 2278 super
1234 2212 1367 2263 hanc
1397 2216 1648 2277 pelrctm.
1681 2256 1690 2265 .
1724 2253 1733 2263 .
1778 2211 1875 2262 tibi
1914 2210 2047 2262 dabo
2088 2209 2258 2261 claves

213 2305 322 2338 non
362 2287 673 2349 excludunt,
715 2287 805 2338 sed
846 2286 1309 2355 comprehendunt
1338 2289 1391 2338 et
1417 2285 1553 2337 alios
1581 2284 1894 2353 ApostolOS,
1936 2287 1996 2336 ut
2022 2283 2257 2335 minores

213 2365 475 2428 pastores,
518 2360 623 2428 ipsi
664 2360 825 2413 Petro
867 2379 1116 2428 supremo
1159 2360 1282 2412 duci
1322 2360 1719 2412 subordinatos

362 2435 595 2503 Ideoque
635 2436 925 2486 secundum
965 2435 1338 2504 Evangelium,
1380 2434 1670 2486 secundum
1711 2432 2067 2484 universalem
2087 2432 2258 2484 inter—

215 2509 578 2577 pretationem
637 2508 857 2562 Patrum
915 2513 967 2562 et
1027 2509 1310 2561 doctorum
1363 2508 1617 2560 Ecclesiae
1667 2507 1876 2560 Latinae
1935 2510 1988 2559 et
2028 2505 2256 2558 Graecae:

214 2583 554 2652 adaequatum
594 2583 848 2636 Ecclesiae
887 2583 1316 2646 fundamentum,
1369 2582 1710 2651 adaequatum
1750 2582 2065 2650 subjectum,
2116 2580 2260 2649 quod

213 2658 419 2726 accepit
474 2658 648 2721 cla-ves
704 2659 861 2728 regni
913 2658 1185 2721 coelorum,
1246 2657 1586 2725 adaequatum
1625 2657 1942 2726 subjectum,
1991 2655 2075 2707 cui
2115 2673 2259 2707 com-

214 2731 436 2784 missum
477 2735 558 2784 est
596 2750 790 2785 munus
831 2731 1080 2802 pascendi
1122 2731 1465 2783 Dominicum
1517 2731 1674 2793 ovile,
1733 2750 1843 2783 non
1893 2733 1974 2782 est
2023 2730 2168 2781 solus
2207 2733 2259 2781 et

222 2825 362 2858 unus
403 2805 610 2870 Petrus,
653 2807 744 2859 sed
782 2811 863 2860 est
902 2806 1098 2859 Petrus
1137 2825 1242 2858 una
1273 2824 1391 2858 cum
1418 2804 1729 2874 Apostolis:
1771 2805 1964 2857 Petrus
1991 2807 2051 2855 ut
2080 2806 2259 2870 caput,

218 2879 473 2948 Apostoli
533 2884 594 2933 ut
652 2883 889 2934 membra
928 2881 1090 2934 Petro
1149 2879 1315 2949 capiti
1374 2879 1546 2932 uniti:
1607 2884 1688 2932 est
1746 2879 1920 2947 ipsum
1977 2877 2260 2946 collegium

218 2953 628 3022 Apostolorum,
670 2958 821 3022 cujus
861 2955 1056 3008 Petrus
1096 2958 1178 3007 est
1218 2972 1495 3022 supremus
1537 2954 1662 3016 dux,
1714 2953 1965 3020 princeps
2005 2955 2059 3003 et
2106 2969 2261 3018 cory-

218 3029 432 3097 phaeus:
473 3030 557 3080 vel
598 3033 680 3082 est
718 3029 931 3094 Petrus,
973 3033 1238 3098 quatenus
1278 3029 1336 3079 in
1375 3028 1493 3096 ipso
1534 3031 1597 3080 ut
1649 3027 1706 3077 in
1757 3043 2007 3094 supremo
2061 3025 2260 3077 vertice

219 3106 397 3155 totum
437 3103 725 3173 collegium
764 3104 1125 3173 apostolicum
1164 3102 1533 3165 reassumitur,
1576 3102 1608 3152 i.
1651 3119 1692 3152 e.
1734 3099 1974 3170 regimen
2009 3098 2260 3151 Ecclesiae

219 3193 332 3228 non
373 3180 455 3229 est
491 3179 895 3231 monarchicum
954 3178 1281 3260 absolutum,
1341 3176 1431 3227 sed
1489 3193 1610 3227 vere
1664 3178 2037 3242 temperatum,
2096 3173 2259 3225 Petro

221 3267 332 3301 non
371 3249 477 3302 fuit
517 3252 712 3306 collata
762 3257 882 3306 tota
933 3251 1155 3305 omnino
1207 3249 1487 3319 plenitudo
1537 3249 1909 3301 ecclesiasticae
1955 3248 2258 3316 potestatiS‚

222 3323 311 3374 sed
351 3324 630 3406 potissima
667 3345 810 3395 pars,
852 3345 1161 3396 supremum
1195 3324 1458 3394 judicium
1486 3341 1596 3374 non
1623 3322 1862 3375 residet
1849 3341 1904 3374 111
1941 3341 2048 3374 11110
2078 3321 2258 3383 Petro,

223 3395 314 3448 sed
352 3397 409 3448 in
446 3395 608 3452 Petro
649 3402 805 3454 unito
847 3399 1217 3469 cooperationi
1257 3399 1487 3450 aliorum
1528 3395 1936 3466 Apostolorum.
