2612 4062
477 236 580 294 124

472 383 662 437 umbra
701 379 1062 435 dubitationis
1103 379 1278 432 adhuc
1316 380 1619 448 supresset,
1675 378 1926 433 unanime
1964 382 2018 433 et
2057 378 2363 433 universale
2401 380 2517 438 suf-

470 458 723 528 fragium,
766 475 871 526 quo
913 473 1096 508 omnes
1137 453 1406 517 Ecclesiae,
1449 471 1633 506 omnes
1673 453 1932 524 Episcopi
1971 454 2218 508 Romano
2257 453 2516 508 Pontifici

475 551 588 586 sese
629 533 987 601 conjungunt,
1030 532 1084 581 et
1121 532 1385 597 tanquam
1423 528 1664 580 membra
1703 529 1870 597 capiti
1910 528 2272 593 consentiant,
2329 548 2515 599 quem-

472 625 682 676 cunque
720 607 1038 675 praetextum
1081 603 1233 656 tollit
1280 606 1337 656 et
1374 602 1694 656 universalis
1734 603 1986 656 Ecclesiae
2035 603 2365 657 auctoritate
2403 622 2513 657 rem

471 682 667 734 firmat.

621 760 648 805 7
662 755 682 785 ⁰
722 752 874 815 Quod
895 751 941 803 si
980 751 1059 803 rei
1085 752 1343 821 gravitas,
1384 751 1728 820 perturbatio
1756 751 2024 815 Ecclesiae,
2053 752 2268 805 diffusio
2297 752 2514 816 erroriS,

471 827 784 898 quaestionis
850 826 1148 879 difficultas
1187 826 1243 878 id
1301 827 1538 897 exigant,
1598 826 1754 880 Rom.
1796 826 2052 879 Pontifex
2102 828 2168 879 ad
2224 826 2515 879 concilium

468 907 709 956 recurret
747 901 833 953 vel
871 901 1179 954 universam
1219 900 1515 954 Ecclesiam
1555 901 1612 952 in
1665 901 1873 969 synodo
1912 902 2239 954 oecumenica
2289 919 2517 972 congre-

468 978 645 1048 gando
695 977 779 1029 vel
835 994 1018 1029 omnes
1072 975 1321 1028 ecclesias
1383 993 1672 1044 omnesque
1723 975 2022 1045 Episcopos
2079 994 2329 1045 expresse
2388 994 2516 1028 con-

469 1052 714 1106 sulendo.

617 1127 678 1179 80
719 1125 777 1179 Si
816 1127 1198 1196 argumentum
1237 1123 1673 1177 adversariorum
1711 1125 1945 1189 valeret,
2004 1128 2282 1194 oporteret
2321 1124 2514 1187 dicere,

466 1202 791 1255 Pontificem
849 1201 1038 1252 debere
1096 1217 1307 1268 semper
1366 1217 1480 1252 esse
1536 1198 1907 1264 infallibilem,
1969 1199 2398 1269 quotiescunque
2452 1199 2516 1252 de

466 1278 626 1329 rebus
666 1276 791 1328 fidei
832 1276 917 1327 vel
943 1293 1156 1326 morum
1197 1274 1480 1326 consultus
1521 1292 1642 1326 cum
1681 1275 2008 1328 auctoritate
2042 1274 2350 1343 respondet,
2391 1293 2516 1326 nam

466 1352 522 1403 in
562 1351 646 1403 his
697 1349 1145 1418 responsionibus
1185 1352 1241 1401 et
1278 1348 1507 1400 decretis
1564 1348 1832 1417 praecipue
1873 1348 2130 1402 Pontifex
2178 1368 2334 1401 suum
2384 1367 2516 1418 apo-

468 1425 722 1479 stolicum
763 1424 1004 1478 officium
1043 1427 1303 1486 exerceat,
1345 1423 1449 1475 hoc
1488 1423 1717 1475 maxime
1755 1423 1821 1475 ad
1861 1423 2114 1477 Ecclesiae
2162 1423 2403 1494 regimen
2444 1423 2518 1478 sit

467 1500 828 1553 necessarium
869 1503 924 1551 et
963 1499 1020 1550 in
1059 1497 1146 1550 his
1194 1516 1407 1567 quoque
1447 1497 1630 1550 fideles
1671 1516 1854 1549 veram
1882 1517 1944 1550 ex
1971 1498 2130 1550 corde
2157 1497 2517 1551 obedientiam

471 1574 730 1627 Pontifici
785 1574 1041 1635 debeant,
1097 1576 1152 1625 et
1205 1573 1415 1624 sincero
1476 1572 1684 1634 animo,
1729 1591 1847 1641 quae
1905 1593 1936 1625 a
1987 1591 2238 1641 supremo
2293 1576 2513 1640 pastore

466 1649 773 1702 constituta
813 1651 960 1710 sunt,
1001 1650 1225 1700 teneant
1266 1650 1532 1715 oporteat.
1613 1646 1786 1715 Atqui
1826 1648 1933 1716 ipsi
1974 1647 2270 1700 adversarii
2299 1647 2513 1711 docent,

468 1724 527 1776 in
590 1723 674 1775 his
728 1721 1047 1775 Pontificem
1099 1739 1213 1773 non
1266 1739 1379 1773 esse
1431 1720 1801 1784 infallibilem,
1864 1725 1918 1775 et
1971 1726 2149 1774 tamen
2203 1721 2432 1791 exigunt
2482 1741 2514 1775 a

467 1798 712 1850 fidelibus
753 1815 931 1848 veram
971 1814 1035 1847 ex
1062 1796 1220 1848 corde
1259 1795 1637 1848 obedientiam.
1717 1795 1865 1866 Ergo
1905 1799 1988 1848 est
2021 1796 2332 1848 affectatum
2358 1795 2514 1861 illud,

468 1872 612 1941 quod
661 1871 952 1934 asseritur,
1014 1888 1223 1938 semper
1282 1870 1353 1923 sit
1406 1874 1628 1938 paratus
1676 1875 1930 1938 oportere
1975 1870 2140 1940 judex
2191 1870 2514 1934 infallibilis,

466 1947 560 2016 qui
600 1965 664 1998 ex
705 1964 757 1998 se
798 1946 914 1998 solo
956 1948 1010 1997 et
1049 1963 1145 1996 sua
1183 1945 1434 1997 absoluta
1495 1948 1768 2013 potestate
1824 1945 2004 1997 omnia
2056 1945 2334 2008 decernat,
2396 1963 2516 1997 cum

463 2022 523 2073 in
563 2021 663 2083 his,
705 2020 763 2072 in
791 2019 986 2089 quibus
1014 2038 1175 2087 quam
1213 2019 1442 2071 maxime
1467 2038 1624 2071 suum
1663 2020 2022 2087 apostolicum
2046 2038 2241 2071 munus
2281 2022 2510 2083 exercet,

465 2095 766 2148 fatentibus
805 2094 936 2162 ipsis
977 2094 1328 2157 adversariiS,
1382 2093 1640 2146 Pontifex
1686 2112 1799 2146 non
1853 2094 1927 2147 sit
1966 2093 2301 2157 infallibilis,
2354 2097 2408 2146 et
2447 2111 2511 2146 ex

464 2170 570 2222 alia
610 2172 764 2238 parte
804 2168 1165 2231 definitioneS,
1207 2168 1264 2220 in
1293 2168 1487 2236 quibus
1515 2167 1836 2221 Pontificem
1875 2187 1989 2221 esse
2027 2167 2372 2220 infallibilem
2410 2186 2510 2220 nos

465 2262 679 2313 quoque
708 2262 827 2296 cum
855 2243 985 2312 ipsis
1014 2243 1352 2305 confitemur,
1392 2260 1504 2294 11011
1532 2242 1643 2295 sint
1670 2242 1777 2295 nisi
1803 2243 2108 2306 rarissimae,
2149 2261 2247 2295 nec
2274 2242 2511 2310 aliquam

464 2319 675 2371 adferre
713 2318 926 2386 possint
965 2317 1278 2380 adversarii,
1321 2334 1440 2386 quae
1470 2317 1721 2369 Ecclesiae
1761 2336 2082 2370 consensum
2109 2321 2163 2370 et
2190 2316 2511 2386 suffragium

464 2397 519 2446 et
557 2393 774 2462 quidem
811 2392 1184 2444 antecedentia
1209 2410 1323 2444 non
1349 2391 1654 2445 habuerint.
1720 2391 1827 2444 Ubi
1867 2392 2070 2444 editum
2096 2395 2179 2444 est
2205 2391 2508 2460 symbolum

464 2467 616 2530 fidei,
677 2466 770 2518 ubi
809 2466 966 2518 factae
1018 2484 1172 2518 novae
1213 2465 1478 2518 editiones
1518 2466 1777 2534 symboli,
1833 2466 1926 2518 ubi
1976 2466 2213 2518 definitae
2253 2465 2510 2518 veritates

464 2540 589 2592 fidei
639 2539 747 2592 nisi
797 2539 857 2591 in
909 2539 1154 2592 conciliis
1211 2539 1580 2591 oecumenicis?
1643 2539 1984 2592 Paucissimae
2044 2543 2173 2593 sunt
2232 2539 2506 2603 veritateS,

465 2633 596 2683 quas
637 2613 927 2667 Pontifices
981 2616 1134 2666 extra
1175 2612 1416 2666 Concilia
1457 2613 1797 2677 definierint,
1850 2614 2041 2677 nullae,
2098 2632 2229 2682 quas
2270 2614 2356 2666 vel
2395 2632 2508 2666 non

463 2689 773 2741 definierint
814 2687 871 2739 in
924 2687 1005 2740 his
1063 2706 1245 2740 rerum
1297 2686 1593 2755 adjunctiS,
1649 2703 1765 2755 quae
1814 2687 2043 2740 concilio
2097 2688 2507 2755 aequivalebant,

463 2764 550 2816 vel
601 2781 715 2815 non
766 2761 1114 2831 requisierint
1164 2762 1249 2814 vel
1307 2780 1420 2814 non
1474 2761 1764 2814 habuerint
1803 2761 2053 2813 Ecclesiae
2102 2761 2509 2814 antecedentem

465 2854 786 2891 consensum
850 2836 1182 2889 sufficienter
1246 2836 1667 2888 manifestat-um.
1768 2835 2045 2897 Quomodo
2111 2853 2240 2905 ergo
2305 2835 2509 2889 audent

466 2913 713 2975 clamare,
755 2911 1110 2964 necessariam
1149 2929 1262 2963 esse
1300 2910 1451 2962 illam
1491 2910 1846 2978 personalem,
1888 2910 2210 2972 absolutam,
2252 2913 2306 2963 et
2333 2929 2364 2962 a
2390 2913 2508 2962 tota

472 2986 706 3039 Ecclesia
744 2985 1196 3054 independentem
1235 2984 1581 3037 infallibilem
1610 2984 1764 3037 Rom.
1794 2983 2078 3037 Pontificis
2106 2983 2506 3048 auctoritatem,

464 3061 510 3112 si
561 3079 656 3129 per
703 3059 892 3113 XVIII
944 3060 1136 3113 saecula
1187 3078 1285 3112 nec
1338 3059 1505 3111 ullam
1551 3065 1784 3127 possunt
1834 3059 2046 3110 adferre
2085 3058 2367 3112 Pontificis
2417 3058 2508 3111 de-

466 3135 774 3188 finitionem
811 3153 876 3187 ex
915 3135 1168 3188 cathedra
1208 3151 1369 3203 quam
1407 3132 1662 3186 Pontifex
1700 3132 1809 3185 illa'
1833 3132 2107 3202 personali
2159 3137 2213 3186 et
2258 3133 2507 3186 absoluta

466 3212 740 3276 potestate
778 3209 1120 3262 monarchica
1158 3209 1335 3262 facere
1373 3207 1656 3260 debuerit?

617 3283 678 3334 9⁰
719 3281 859 3344 Quid
898 3301 1028 3353 ergo
1070 3284 1324 3346 clamant,
1365 3281 1723 3335 necessarium
1771 3299 1884 3334 esse
1933 3280 2158 3334 definire
2196 3281 2343 3333 illam
2383 3298 2507 3350 per-

463 3355 714 3408 sonalem
762 3359 817 3408 et
854 3374 886 3408 a
925 3375 1243 3427 quacunque
1281 3356 1535 3410 Ecclesiae
1576 3355 1956 3425 cooperatione
1994 3359 2049 3408 et
2089 3355 2352 3424 suffragio
2393 3354 2506 3408 sive

465 3428 844 3493 antecedente,
887 3430 999 3483 sive
1039 3431 1380 3495 simultaneO,
1423 3431 1537 3484 sive
1577 3430 1909 3498 subequente
1949 3429 2200 3483 totaliter
2239 3429 2500 3498 indepen-

465 3504 686 3568 dentem
731 3503 894 3556 unius
947 3508 1002 3557 et
1053 3507 1220 3560 solius
1271 3505 1428 3559 Rom.
1470 3503 1753 3558 Pontificis
1793 3521 2122 3572 supremam,
2183 3503 2503 3568 absolutam,

466 3576 917 3632 irreformabilem
954 3580 1372 3634 auctoritatem?
1434 3577 1710 3648 Numquid
1755 3595 1815 3630 ea
1854 3578 2151 3632 auctoritas
2201 3576 2501 3630 existimari

469 3654 655 3728 potest
676 3651 993 3718 necessaria,
1027 3671 1147 3724 quae
1171 3672 1450 3727 nunquam
1477 3655 1788 3717 exercetur3
1814 3652 2078 3725 numquid
2103 3669 2164 3707 ea
2188 3650 2502 3721 auctoritaS,
