2722 4146
420 236 490 287 40

415 381 569 444 fides;
611 381 881 436 sententia
920 386 1038 435 erat
1074 381 1373 447 definitiva,
1414 387 1530 437 erat
1569 385 1668 437 sub
1694 403 1853 454 poena
1876 386 2251 441 anathematis.
2309 387 2459 460 Ergo

414 456 647 509 habebat
686 475 869 510 omnes
909 456 1265 521 conditioneS,
1325 475 1459 526 quas
1515 459 1805 528 requirunt
1860 461 1927 514 ad
1983 461 2356 516 definitionem
2395 481 2460 517 ex

415 530 668 583 cathedra
705 531 804 594 illi,
846 531 939 602 qui
977 535 1331 600 propugnant
1355 533 1695 601 personalem
1713 537 1768 588 et
1787 535 2092 589 absolutam
2109 536 2461 592 inerrantiam

414 605 568 657 Rom.
610 604 911 658 PontificiS.
992 605 1130 667 Quid
1168 605 1329 658 inde?
1408 605 1523 659 Nec
1560 606 1810 662 Africani
1847 609 2104 680 Episcopi
2156 615 2211 664 et
2263 609 2314 664 S.
2356 611 2460 681 Cy-

413 679 638 748 prianus
678 679 736 730 in
776 678 981 747 primiS,
1025 698 1125 732 nec
1165 678 1503 749 Cappadoces
1543 699 1663 734 cum
1702 681 1754 738 S.
1783 683 2101 738 Firmiliano
2116 687 2174 754 ¹),
2215 704 2314 738 nec
2341 705 2459 738 cum

415 752 465 806 S.
523 752 843 822 Dionysi02)
904 752 1277 808 Alexandrino
1335 753 1601 826 Aegyptii
1657 758 1975 812 auctoritati
2045 763 2100 812 et
2153 760 2461 814 definitioni

414 826 464 879 S.
526 825 786 895 Stephani
848 832 1125 882 cesserunt
1182 833 1236 882 et
1292 830 1619 883 sententiam
1675 835 1976 886 mutarunt.
2070 834 2188 888 Imo
2247 833 2299 888 S.
2355 834 2459 904 Cy-

410 901 650 969 prianus,
692 905 752 954 ut
773 903 1091 956 auctoritati
1121 902 1383 972 Stephani
1408 905 1791 959 auctoritatem
1820 913 2134 977 opponeret,
2163 928 2227 962 ex
2254 907 2458 974 Africa,

410 974 666 1027 Numidia
734 980 787 1029 et
846 975 1176 1031 Mauritania
1250 979 1538 1032 concilium
1607 982 1954 1046 convocavit,
2027 983 2113 1035 cui
2178 984 2460 1054 octoginta

411 1049 649 1118 quinque
686 1050 946 1120 Episcopi
984 1052 1296 1118 interfuere,
1357 1054 1716 1123 praesentibus
1755 1055 1917 1109 etiam
1958 1058 2306 1127 presbyteriS,
2346 1058 2459 1110 dia-

410 1124 633 1177 conibus
691 1128 746 1178 et
802 1126 975 1194 plebis
1032 1127 1265 1180 maxima
1323 1132 1495 1197 parte.
1573 1128 1641 1181 In
1680 1129 1843 1183 initio
1900 1130 1978 1184 ita
2028 1130 2078 1184 S.
2123 1131 2457 1201 Cyprianus:

413 1197 706 1268 «Superest
746 1203 808 1253 ut
847 1200 911 1252 de
951 1200 1051 1254 hac
1089 1220 1164 1266 re,
1205 1202 1268 1255 de
1307 1203 1631 1272 baptismate
1668 1205 1734 1258 ab
1773 1204 2044 1259 haereticis
2073 1207 2288 1271 collat0,
2330 1207 2459 1275 quid

410 1273 612 1343 singuli
651 1274 963 1339 sentiamus,
1003 1276 1375 1345 proferamus:
1435 1278 1706 1331 neminem
1756 1279 2063 1349 judicantes
2122 1284 2216 1334 aut
2273 1300 2304 1332 a
2335 1283 2458 1349 jure

410 1348 803 1402 communionis
854 1350 1103 1419 aliquem,
1152 1351 1199 1404 si
1252 1351 1525 1405 diversum
1575 1354 1818 1418 senserit,
1871 1358 2196 1410 amoventes,
2274 1354 2461 1424 Neque

409 1423 551 1475 enim
590 1422 873 1493 quisquam
912 1429 1163 1478 nostrum
1201 1425 1532 1496 Episcopum
1573 1447 1629 1481 se
1668 1447 1780 1482 esse
1821 1428 2218 1498 Episcoporum
2258 1430 2461 1483 consti-

407 1497 534 1561 tuit,
575 1501 670 1550 aut
708 1499 998 1567 tyrannico
1038 1504 1248 1553 terrore
1299 1501 1363 1553 ad
1419 1503 1747 1572 obsequendi
1798 1504 2172 1557 necessitatem
2230 1504 2461 1575 collegas

408 1590 533 1624 suos
572 1572 760 1642 adigit,
803 1574 1017 1642 quando
1055 1573 1252 1628 habeat
1292 1577 1465 1629 omnis
1489 1577 1791 1648 Episcopus
1821 1597 1919 1647 pro
1945 1578 2166 1631 licentia
2190 1578 2460 1633 libertatis

409 1649 462 1698 et
502 1648 792 1715 potestatis
832 1667 987 1700 suum
1026 1648 1315 1702 arbitrium
1355 1652 1656 1720 proprium,
1697 1656 1956 1722 tanquam
1988 1652 2222 1723 judicari
2259 1654 2325 1706 ab
2352 1653 2459 1706 alio

410 1739 522 1772 11011
561 1721 735 1789 possit
774 1740 894 1774 cum
933 1741 1032 1775 nec
1071 1723 1184 1792 ipse
1223 1725 1396 1793 possit
1433 1726 1667 1779 alterum
1700 1727 1956 1797 judicare,
1999 1727 2087 1780 sed
2123 1731 2460 1798 expectemus

410 1795 647 1848 universi
679 1796 940 1864 judicium
979 1797 1199 1850 Domini
1239 1799 1417 1852 nostri
1457 1798 1583 1853 Jesu
1627 1800 1844 1865 Christi,
1907 1802 2000 1871 qui
2039 1821 2180 1855 unus
2220 1805 2274 1855 et
2313 1803 2459 1855 solus

411 1870 573 1922 habet
612 1873 938 1939 potestatem
979 1876 1033 1925 et
1059 1873 1407 1941 praeponendi
1434 1893 1535 1928 nos
1560 1875 1618 1928 in
1645 1875 1899 1929 Ecclesiae
1926 1894 2035 1930 suae
2061 1876 2459 1947 gubernatione

407 1947 459 1996 et
499 1944 562 1996 de
601 1949 726 1998 actu
779 1950 968 1999 nostro
1015 1946 1348 2016 judicandi.»
1428 1949 1501 2002 Et
1555 1969 1737 2004 omnes
1790 1950 2044 2020 Episcopi
2078 1951 2461 2020 judicaverunt

412 2018 678 2087 baptisma
718 2020 1094 2074 haereticorum
1137 2040 1249 2074 esse
1287 2022 1613 2076 invalidum:
1672 2024 2008 2094 Stephanum
2059 2025 2212 2078 Rom.
2266 2025 2460 2079 Ponti-

411 2095 564 2145 ficem
603 2095 914 2163 oppositum
955 2095 1299 2149 definientem
1337 2114 1560 2163 errasse,
1602 2103 1655 2153 et
1695 2119 1814 2152 cum
1854 2099 2103 2153 omnibus
2149 2118 2301 2153 suam
2340 2119 2461 2153 sen-

410 2168 640 2220 tentiam
680 2170 844 2222 vellet
883 2170 1177 2238 imponere,
1238 2171 1436 2225 limites
1495 2192 1604 2226 suae
1655 2175 1946 2243 potestatis
1999 2178 2457 2245 praetergressum.

411 2241 499 2292 Illi
539 2261 670 2313 ergo
727 2243 984 2313 Episcopi
1036 2246 1406 2314 agnoscebant
1457 2247 1757 2302 Primatum
1815 2249 1971 2302 Rom.
2014 2248 2312 2312 PontificiS,
2368 2249 2457 2302 sed

410 2335 520 2369 non
561 2336 621 2369 eo
661 2337 830 2387 usque
868 2319 1246 2384 extendebant,
1288 2324 1350 2373 ut
1389 2322 1684 2387 crederent,
1727 2343 1894 2376 unum
1932 2323 2088 2377 Rom.
2139 2323 2459 2377 Pontificem

411 2410 566 2458 posse
607 2392 853 2446 omnibus
893 2394 1135 2464 regulam
1177 2395 1302 2447 fidei
1341 2395 1562 2463 dictare,
1604 2417 1765 2467 quam
1805 2417 1988 2452 omnes
2025 2398 2281 2468 Episcopi
2321 2417 2460 2452 coeca

412 2466 733 2531 obedientia,
775 2467 889 2520 sine
928 2468 1152 2537 proprio
1185 2469 1394 2536 judicio
1433 2472 1689 2526 deberent
1714 2473 1984 2542 accipere:
2026 2473 2116 2526 sed
2142 2491 2460 2542 persuasum

411 2540 519 2592 illis
559 2544 693 2604 erat,
733 2559 1037 2610 supremam
1076 2542 1328 2595 Ecclesiae
1353 2549 1694 2612 potestatem,
1735 2565 2044 2616 supremum
2069 2547 2457 2617 magisterium,

410 2614 651 2684 regulam
689 2614 814 2667 fidei
853 2616 912 2667 in
950 2616 1191 2668 omnium
1233 2616 1596 2672 Ecclesiarum
1636 2624 1690 2673 et
1716 2620 2109 2690 Episcoporum
2135 2621 2305 2674 libera
2331 2641 2459 2675 con-

410 2688 659 2742 sensione
696 2690 961 2743 collocata
995 2709 1124 2743 esse.

559 2762 838 2833 Anonymi
875 2767 1142 2818 tractatus
1200 2769 1264 2822 de
1315 2765 1586 2836 baptismo
1627 2768 2007 2821 haereticorum
2058 2770 2116 2821 in
2156 2768 2316 2822 initio
2345 2770 2458 2824 haec

410 2838 602 2892 habet:
649 2839 747 2891 «In
788 2858 893 2909 quo
933 2858 1129 2910 genere
1150 2840 1485 2912 quaestionis,
1527 2845 1592 2895 ut
1628 2842 1762 2894 mihi
1783 2843 2016 2908 videtur,
2057 2843 2208 2896 nulla
2235 2845 2454 2897 omnino

413 2913 682 2981 potuisset
721 2915 1093 2968 controversia
1143 2922 1239 2972 aut
1290 2915 1614 2986 disceptatio
1667 2935 1953 2987 emergere,
2002 2917 2049 2971 si
2090 2918 2456 2987 unusquisque

411 2991 661 3040 nostrum
701 2992 991 3043 contentus
1029 2992 1318 3046 venerabili
1357 2990 1722 3046 Ecclesiarum
1761 2992 1990 3045 mnndum
2028 2994 2357 3058 auctoritate,
2402 2998 2456 3047 et

412 3063 710 3115 necessaria
748 3063 1077 3130 humilitate,
1118 3067 1257 3120 nihil
1295 3065 1555 3120 innovare
1595 3066 1874 3137 gestiret.»

559 3136 682 3205 Ipse
734 3137 787 3190 S.
839 3137 1177 3196 Athanasius
1225 3159 1339 3196 non
1405 3142 1655 3195 obstante
1719 3159 1968 3210 expressa
2030 3141 2349 3195 definitione
2400 3141 2452 3195 S.

414 3208 674 3278 Stephani
710 3211 866 3265 Rom.
907 3213 1207 3283 Pontificis,
1249 3216 1464 3270 videtur
1504 3215 1853 3280 existimasse,
1894 3215 2270 3269 haereticorum
2322 3218 2454 3286 bap-

535 3431 568 3488 ¹)
600 3432 666 3477 De
695 3433 953 3502 Firmiliano
983 3438 1110 3492 patet
1140 3450 1191 3480 ex
1222 3436 1313 3494 ejus
1342 3436 1399 3481 ad
1429 3435 1695 3495 Cyprianum
1727 3435 1925 3494 epistola.
2073 3498 2082 3507 .
2438 3499 2449 3509 ⁹

533 3490 570 3547 ²)
599 3493 665 3537 De
696 3493 739 3537 S.
770 3492 980 3550 D1onysi0
1010 3495 1121 3540 conf.
1154 3496 1314 3542 Euseb.
1347 3497 1449 3542 hist.
1483 3496 1558 3541 lib.
1593 3496 1692 3541 VII.
1725 3510 1816 3554 cap.
1850 3499 1904 3549 7.,
1949 3495 1992 3540 S.
2025 3497 2332 3556 Hieronymus,
2377 3513 2451 3556 qui

413 3554 612 3611 integras
643 3552 799 3597 literas
830 3551 1032 3610 Dionysii
1061 3553 1246 3612 legerat,
1279 3556 1402 3609 dicit,
1439 3556 1483 3601 S.
1514 3555 1786 3614 Dionysium,
1819 3555 2160 3601 Alexandrinum
2190 3557 2450 3616 Episcopum

412 3613 458 3656 in
505 3611 714 3682 Cypriani
757 3613 805 3657 et
849 3610 1155 3659 Africanorum
1199 3615 1463 3675 synodorum
1518 3615 1679 3676 dogma
1733 3615 1787 3662 de
1842 3615 2167 3676 rebaptizandis
2217 3617 2452 3665 haereticis

413 3685 696 3720 consensisse.
