2722 4146
2245 258 2312 311 39

263 405 488 460 sterium
527 408 581 458 et
618 402 806 474 regula
844 401 969 454 fidei
1007 402 1241 457 resultat
1279 421 1343 456 ex
1382 401 1694 456 harmonica
1720 400 1924 454 unione
1963 401 2157 472 capitis
2197 421 2318 457 cum

262 480 531 543 membriS,
572 497 635 531 ex
674 476 1059 546 conjunctione
1108 477 1454 531 auctoritatis
1505 477 1661 531 Rom.
1702 475 1989 530 Pontificis
2029 495 2149 530 cum
2188 497 2316 531 auc-

261 554 486 608 toritate
537 552 948 622 Episcoporum,
1003 569 1066 603 ex
1120 552 1366 604 unanimi
1418 551 1804 622 praedicatione
1854 553 1911 605 et
1961 552 2318 606 consensione

262 629 418 681 Rom.
460 625 744 680 Pontificis
786 643 905 678 cum
943 623 1248 695 EpiscopiS.
1614 651 1618 655 ·

407 701 645 754 Ecclesia
683 699 889 752 Christi
929 699 1208 765 catholica,
1251 719 1380 771 ergo
1408 703 1522 770 ejus
1548 699 1939 772 magisterium,
1981 701 2095 770 ejus
2121 702 2316 771 regula

260 777 383 829 fidei
423 782 504 829 est
542 774 821 836 catholica,
863 773 897 826 i.
939 792 981 826 e.
1025 774 1287 828 collocata
1326 778 1408 828 est
1446 775 1505 827 in
1546 775 1792 828 unanimi
1830 773 2217 844 praedicatione
2257 779 2312 830 et

259 850 610 904 consensione
649 848 1009 913 ecclesiarum,
1051 848 1464 919 Episcoporum,
1506 849 1599 921 qui
1638 868 1732 920 per
1775 849 2088 903 universum
2129 850 2312 904 orbem

261 925 658 977 diffunduntur.

408 998 509 1051 Sed
548 998 662 1050 haec
721 997 990 1050 unanimis
1049 998 1332 1050 consensio
1392 997 1635 1051 omnium
1673 998 2073 1068 Episcoporum
2130 1002 2316 1068 potest

259 1073 548 1142 dupliciter
589 1072 951 1124 considerari:
992 1073 1076 1124 vel
1117 1076 1383 1141 quatenus
1422 1073 1624 1126 residet
1661 1072 1716 1125 in
1759 1072 2037 1126 catholicis
2077 1074 2314 1127 ecclesiis

258 1151 314 1200 et
351 1147 635 1216 Episcopis
676 1147 788 1199 sive
826 1165 922 1215 per
962 1146 1275 1199 universum
1314 1148 1498 1200 orbem
1538 1147 1775 1201 diffusis:
1819 1147 1930 1200 sive
1970 1147 2028 1199 in
2069 1147 2312 1202 Concilio

258 1222 549 1274 universali
590 1221 964 1291 congregatis3
1019 1222 1103 1273 vel
1143 1225 1409 1290 quatenus
1461 1223 1813 1276 reassumitur
1865 1222 1924 1274 in
1963 1219 2149 1275 centro
2189 1222 2313 1276 uni-

258 1296 408 1360 tatis,
450 1296 507 1348 in
544 1295 788 1348 Romana
827 1295 1064 1359 ecclesia,
1106 1295 1173 1347 ad
1212 1315 1373 1365 quam
1411 1296 1673 1350 doctrinae
1701 1296 1941 1350 omnium
1968 1297 2313 1350 ecclesiarum

260 1371 558 1435 confluunt,
624 1373 678 1423 et
742 1389 860 1439 quae
924 1370 1166 1422 omnium
1228 1370 1625 1439 Episcoporum
1689 1371 1994 1424 doctrinam
2054 1375 2107 1424 et
2170 1390 2310 1440 prae-

257 1445 584 1498 dicationem
650 1463 745 1497 sua
825 1463 1073 1514 suprema
1159 1445 1486 1499 auctoritate
1562 1445 1877 1510 confirmat,
1956 1445 2312 1516 omnibusque

258 1518 565 1573 christianis
606 1519 923 1572 credendam
961 1519 1238 1589 proponit.

1202 1726 1350 1812 IV.

400 1891 556 1944 Hanc
594 1895 836 1944 nostram
876 1890 1219 1954 sententiam,
1261 1889 1519 1942 nimirum
1558 1909 1670 1943 non
1709 1891 1766 1943 in
1793 1890 1954 1944 unius
1981 1890 2136 1944 Rom.
2164 1891 2309 1945 Pon-

254 1965 416 2018 tificis
456 1966 729 2035 personali
767 1966 1092 2018 auctoritate
1132 1969 1185 2018 et
1225 1984 1256 2017 a
1294 1969 1413 2017 tota
1452 1964 1694 2018 Ecclesia
1719 1966 2113 2035 independente
2140 1967 2308 2019 collo-

254 2044 426 2092 catam
466 2059 578 2093 esse
618 2040 1011 2109 plenitudinem
1051 2039 1424 2092 ecclesiasticae
1475 2040 1780 2108 potestatiS,
1834 2059 2144 2109 supremum
2194 2060 2307 2093 ma-

250 2114 552 2184 gisterium.
611 2115 856 2184 regulam
915 2114 1053 2178 fidei,
1114 2114 1206 2166 sed
1266 2114 1322 2166 in
1380 2114 1627 2166 unanimi
1681 2115 1922 2167 omnium
1961 2115 2303 2168 ecclesiarum

251 2207 371 2240 cum
411 2189 632 2242 ecclesia
652 2189 807 2242 Rom.
849 2189 1234 2258 praedicatione
1274 2192 1328 2241 et
1368 2206 1651 2252 consensu,
1694 2208 1958 2258 quamque
1985 2207 2049 2242 ex
2075 2189 2306 2243 authen-

253 2263 360 2315 tica
399 2282 466 2315 ss.
509 2263 902 2331 scripturarum
959 2262 1410 2331 interpretatione
1469 2266 1523 2315 et
1562 2281 1626 2315 ex
1686 2267 1947 2332 perpetua
2006 2264 2304 2317 traditione

250 2336 477 2389 Patrum
528 2337 890 2399 ostendimus3
941 2355 1087 2389 nunc
1137 2355 1200 2388 ex
1255 2340 1516 2406 perpetua
1556 2340 1610 2391 et
1650 2337 1944 2391 universali
2000 2339 2159 2408 praxi
2198 2338 2302 2392 Ec-

252 2411 425 2463 clesiae
467 2411 887 2463 confirmandam
926 2411 1260 2464 assumimus.

399 2485 583 2538 Primo
624 2503 687 2538 ex
725 2487 1022 2553 quaestione
1061 2486 1124 2538 de
1161 2486 1579 2552 rebaptizandis.

398 2559 568 2612 Error
606 2559 1059 2628 rebaptizantium
1098 2560 1163 2612 ab
1203 2558 1516 2630 Agrippino
1559 2559 1974 2630 Carthaginensi
2024 2561 2299 2631 Episcopo

252 2653 371 2686 cum
411 2633 670 2686 Africana
708 2635 915 2703 synodo
957 2634 1309 2688 confirmatus
1349 2635 1528 2688 fuerat
1569 2635 1812 2688 conciliis
1839 2636 2002 2688 etiam
2028 2635 2300 2689 Iconiensi

251 2712 304 2761 et
345 2707 641 2776 Synadensi
682 2709 945 2761 firmatus.
1024 2708 1166 2761 Huic
1193 2709 1367 2761 errori
1394 2709 1622 2762 adhaesit
1647 2709 2014 2775 FirmilianUS,
2046 2709 2297 2764 Caesareae

249 2783 305 2834 in
347 2782 685 2851 Cappadocia
734 2782 1054 2852 EpiscopUS,
1103 2787 1158 2836 et
1208 2783 1504 2852 Dionysius
1557 2783 1976 2837 Alexandrinus.
2054 2785 2298 2837 Eundem

248 2875 486 2910 errorem
526 2855 577 2909 S.
622 2856 924 2925 Cyprianus
966 2857 1407 2927 Carthaginensis
1447 2858 1768 2928 Episcopus,
1828 2857 2031 2911 Africae
2069 2852 2295 2924 Primas,

249 2949 368 2983 cum
408 2931 654 2984 omnibus
695 2931 1036 3000 Coepiscopis
1095 2931 1206 2984 suis
1255 2932 1475 2985 fortiter
1526 2932 1767 2984 defendit
1818 2936 1872 2985 et
1911 2932 2118 2985 duobus
2159 2933 2294 2986 cele-

248 3005 417 3057 bratis
457 3005 699 3058 conciliis
739 3005 1019 3058 stabilivit.
1099 3005 1375 3058 Romanus
1403 3006 1657 3059 Pontifex
1685 3005 2008 3074 StephanUS,
2043 3007 2109 3059 ad
2137 3025 2295 3076 quem

250 3077 300 3130 S.
343 3078 644 3148 Cyprianus
683 3080 988 3149 scripserat,
1030 3098 1130 3148 pro
1168 3080 1406 3133 muneris
1447 3080 1754 3148 Apostolici
1792 3080 2007 3133 ratione
2053 3099 2294 3135 errorem

249 3151 538 3218 damnavit,
580 3158 635 3206 et
673 3155 771 3206 sub
822 3154 1162 3207 anathemate
1220 3154 1430 3207 sanxit:
1496 3152 1682 3206 «Nihil
1739 3153 2128 3220 innovandum,
2184 3156 2293 3210 nisi

251 3226 389 3294 quod
428 3227 687 3280 traditum
725 3232 807 3281 est
846 3232 910 3281 ut
947 3246 1137 3280 manus
1178 3228 1261 3280 illi
1293 3230 1605 3297 imponatur
1646 3227 1703 3280 in
1742 3228 2168 3297 poenitentiam.»

397 3298 454 3352 Si
512 3306 593 3355 est
650 3302 893 3355 definitio
950 3320 1013 3354 ex
1071 3302 1339 3367 cathedra,
1400 3306 1518 3355 erat
1569 3302 1702 3355 ista:
1775 3304 1972 3373 agebat
2025 3304 2169 3357 enim
2226 3306 2289 3358 de

251 3373 563 3441 quaestione,
604 3394 721 3445 quae
760 3380 1068 3429 consertum
1105 3376 1335 3429 habebat
1385 3376 1609 3446 dogma:
1669 3395 1741 3429 an
1778 3377 1844 3429 ad
1903 3379 2288 3431 conferendum

251 3446 516 3515 baptisma
553 3450 848 3503 necessaria
887 3450 960 3503 sit
997 3450 1127 3503 fides
1165 3450 1429 3503 ministri:
1469 3450 1524 3502 id
1562 3450 1706 3519 quod
1745 3451 2018 3505 evidenter
2044 3457 2198 3522 patet
2223 3472 2287 3505 ex

250 3521 453 3574 litteris
494 3520 546 3574 S.
570 3520 846 3591 Stephani,
888 3524 1210 3588 Firmiliani,
1253 3522 1303 3576 S.
1328 3523 1586 3593 Cypriani
1615 3529 1668 3578 et
1705 3543 1770 3577 ex
1795 3526 2037 3579 conciliis
2061 3527 2285 3580 Cartha—

248 3595 579 3664 ginensibus
655 3596 993 3666 Responsum
1032 3597 1084 3651 S.
1133 3598 1410 3666 Stephani,
1464 3617 1583 3651 cum
1630 3599 1924 3669 respiceret
1980 3600 2284 3654 doctrinam

250 3668 391 3736 fidei,
448 3673 564 3725 erat
618 3669 934 3740 universale,
993 3675 1047 3725 et
1104 3673 1378 3745 spectabat
1416 3672 1482 3729 ad
1522 3691 1720 3743 omneS,
1777 3674 1844 3728 ad
1883 3693 2018 3747 quos
2075 3678 2284 3747 spectat
