<?xml version="1.0" encoding="UTF-8"?>
<!DOCTYPE html PUBLIC "-//W3C//DTD XHTML 1.0 Transitional//EN"
    "http://www.w3.org/TR/xhtml1/DTD/xhtml1-transitional.dtd">
<html xmlns="http://www.w3.org/1999/xhtml" xml:lang="en" lang="en">
 <head>
  <title>
</title>
<meta http-equiv="Content-Type" content="text/html;charset=utf-8" />
  <meta name='ocr-system' content='tesseract 3.04.00' />
  <meta name='ocr-capabilities' content='ocr_page ocr_carea ocr_par ocr_line ocrx_word'/>
</head>
<body>
  <div class='ocr_page' id='page_1' title='image "./a582484600frieuoft_0098.png"; bbox 0 0 2722 4146; ppageno 0'>
   <div class='ocr_carea' id='block_1_1' title="bbox 465 319 533 372">
    <p class='ocr_par' dir='ltr' id='par_1_1' title="bbox 465 319 533 372">
     <span class='ocr_line' id='line_1_1' title="bbox 465 319 533 372; baseline -0.015 0"><span class='ocrx_word' id='word_1_1' title='bbox 465 319 533 372; x_wconf 89' lang='grc'>86</span> 
     </span>
    </p>
   </div>
   <div class='ocr_carea' id='block_1_2' title="bbox 466 456 2546 3808">
    <p class='ocr_par' dir='ltr' id='par_1_2' title="bbox 466 456 2508 604">
     <span class='ocr_line' id='line_1_2' title="bbox 466 456 2508 529; baseline -0.005 -9"><span class='ocrx_word' id='word_1_2' title='bbox 466 466 857 522; x_wconf 81' lang='lat' dir='ltr'>Scheelstrate:</span> <span class='ocrx_word' id='word_1_3' title='bbox 923 460 1081 514; x_wconf 76' lang='lat' dir='ltr'>«Non</span> <span class='ocrx_word' id='word_1_4' title='bbox 1140 460 1376 524; x_wconf 89' lang='lat' dir='ltr'>videtur,</span> <span class='ocrx_word' id='word_1_5' title='bbox 1436 461 1602 529; x_wconf 88' lang='lat' dir='ltr'>prout</span> <span class='ocrx_word' id='word_1_6' title='bbox 1659 477 1757 511; x_wconf 89' lang='lat' dir='ltr'>nec</span> <span class='ocrx_word' id='word_1_7' title='bbox 1795 456 1969 511; x_wconf 89' lang='lat' dir='ltr'>visum</span> <span class='ocrx_word' id='word_1_8' title='bbox 2018 457 2126 511; x_wconf 87' lang='lat' dir='ltr'>fuit</span> <span class='ocrx_word' id='word_1_9' title='bbox 2163 456 2218 509; x_wconf 89' lang='lat' dir='ltr'>in</span> <span class='ocrx_word' id='word_1_10' title='bbox 2262 456 2508 526; x_wconf 84' lang='lat' dir='ltr'>pluribus</span> 
     </span>
     <span class='ocr_line' id='line_1_3' title="bbox 466 531 2245 604; baseline -0.008 -9"><span class='ocrx_word' id='word_1_11' title='bbox 466 540 798 603; x_wconf 83' lang='lat' dir='ltr'>nationibuS,</span> <span class='ocrx_word' id='word_1_12' title='bbox 841 538 981 591; x_wconf 89' lang='lat' dir='ltr'>circa</span> <span class='ocrx_word' id='word_1_13' title='bbox 1018 536 1123 588; x_wconf 92' lang='grc'>1100</span> <span class='ocrx_word' id='word_1_14' title='bbox 1160 534 1368 604; x_wconf 90' lang='lat' dir='ltr'>aliquid</span> <span class='ocrx_word' id='word_1_15' title='bbox 1406 552 1609 586; x_wconf 92' lang='lat' dir='ltr'>novum</span> <span class='ocrx_word' id='word_1_16' title='bbox 1648 533 1817 587; x_wconf 88' lang='lat' dir='ltr'>statui</span> <span class='ocrx_word' id='word_1_17' title='bbox 1854 534 1939 586; x_wconf 92' lang='lat' dir='ltr'>vel</span> <span class='ocrx_word' id='word_1_18' title='bbox 1979 531 2245 585; x_wconf 79' lang='lat' dir='ltr'>decerni.»</span> 
     </span>
    </p>

    <p class='ocr_par' dir='ltr' id='par_1_3' title="bbox 467 605 2523 1574">
     <span class='ocr_line' id='line_1_4' title="bbox 613 605 2509 674; baseline -0.005 -7"><span class='ocrx_word' id='word_1_19' title='bbox 613 615 676 667; x_wconf 84' lang='lat'>4⁰</span> <span class='ocrx_word' id='word_1_20' title='bbox 718 614 850 666; x_wconf 90' lang='lat' dir='ltr'>Cum</span> <span class='ocrx_word' id='word_1_21' title='bbox 901 611 959 663; x_wconf 93' lang='lat' dir='ltr'>in</span> <span class='ocrx_word' id='word_1_22' title='bbox 1012 610 1205 674; x_wconf 83' lang='lat' dir='ltr'>ulitma</span> <span class='ocrx_word' id='word_1_23' title='bbox 1257 609 1492 662; x_wconf 81' lang='lat' dir='ltr'>sessione</span> <span class='ocrx_word' id='word_1_24' title='bbox 1542 607 1774 661; x_wconf 88' lang='lat' dir='ltr'>Concilii</span> <span class='ocrx_word' id='word_1_25' title='bbox 1825 605 2262 661; x_wconf 88' lang='lat' dir='ltr'>Constantiensis</span> <span class='ocrx_word' id='word_1_26' title='bbox 2318 608 2509 674; x_wconf 89' lang='lat' dir='ltr'>postu-</span> 
     </span>
     <span class='ocr_line' id='line_1_5' title="bbox 467 679 2511 756; baseline -0.006 -13"><span class='ocrx_word' id='word_1_27' title='bbox 467 692 673 744; x_wconf 88' lang='lat' dir='ltr'>lassent</span> <span class='ocrx_word' id='word_1_28' title='bbox 723 686 914 756; x_wconf 77' lang='lat' dir='ltr'>Legati</span> <span class='ocrx_word' id='word_1_29' title='bbox 966 684 1186 748; x_wconf 90' lang='lat' dir='ltr'>Poloni,</span> <span class='ocrx_word' id='word_1_30' title='bbox 1243 688 1305 738; x_wconf 90' lang='lat' dir='ltr'>ut</span> <span class='ocrx_word' id='word_1_31' title='bbox 1353 682 1571 735; x_wconf 90' lang='lat' dir='ltr'>libellus</span> <span class='ocrx_word' id='word_1_32' title='bbox 1623 682 1838 751; x_wconf 87' lang='lat' dir='ltr'>quidam</span> <span class='ocrx_word' id='word_1_33' title='bbox 1889 682 1947 734; x_wconf 93' lang='lat' dir='ltr'>in</span> <span class='ocrx_word' id='word_1_34' title='bbox 2000 679 2511 751; x_wconf 81' lang='lat' dir='ltr'>congregationibus</span> 
     </span>
     <span class='ocr_line' id='line_1_6' title="bbox 467 754 2510 835; baseline -0.005 -18"><span class='ocrx_word' id='word_1_35' title='bbox 467 763 790 835; x_wconf 65' lang='lat' dir='ltr'>partialibus</span> <span class='ocrx_word' id='word_1_36' title='bbox 835 763 947 829; x_wconf 86' lang='lat' dir='ltr'>jam</span> <span class='ocrx_word' id='word_1_37' title='bbox 999 759 1336 812; x_wconf 84' lang='lat' dir='ltr'>examinat-us</span> <span class='ocrx_word' id='word_1_38' title='bbox 1395 760 1450 810; x_wconf 92' lang='lat' dir='ltr'>et</span> <span class='ocrx_word' id='word_1_39' title='bbox 1505 757 1806 820; x_wconf 88' lang='lat' dir='ltr'>damnatus,</span> <span class='ocrx_word' id='word_1_40' title='bbox 1866 756 2028 810; x_wconf 86' lang='lat' dir='ltr'>etiam</span> <span class='ocrx_word' id='word_1_41' title='bbox 2086 757 2142 807; x_wconf 91' lang='lat' dir='ltr'>in</span> <span class='ocrx_word' id='word_1_42' title='bbox 2204 754 2420 823; x_wconf 89' lang='lat' dir='ltr'>publica</span> <span class='ocrx_word' id='word_1_43' title='bbox 2458 757 2510 807; x_wconf 82' lang='lat' dir='ltr'>et</span> 
     </span>
     <span class='ocr_line' id='line_1_7' title="bbox 470 827 2514 899; baseline -0.005 -7"><span class='ocrx_word' id='word_1_44' title='bbox 470 837 699 893; x_wconf 81' lang='lat' dir='ltr'>solemni</span> <span class='ocrx_word' id='word_1_45' title='bbox 730 834 968 888; x_wconf 84' lang='lat' dir='ltr'>sessione</span> <span class='ocrx_word' id='word_1_46' title='bbox 1000 834 1375 886; x_wconf 71' lang='lat' dir='ltr'>damnaretur:</span> <span class='ocrx_word' id='word_1_47' title='bbox 1418 831 1692 884; x_wconf 89' lang='lat' dir='ltr'>Martinus</span> <span class='ocrx_word' id='word_1_48' title='bbox 1723 829 1790 885; x_wconf 90' lang='lat' dir='ltr'>V.</span> <span class='ocrx_word' id='word_1_49' title='bbox 1827 830 2125 899; x_wconf 70' lang='lat' dir='ltr'>respondit,</span> <span class='ocrx_word' id='word_1_50' title='bbox 2167 848 2221 882; x_wconf 87' lang='lat' dir='ltr'>se</span> <span class='ocrx_word' id='word_1_51' title='bbox 2248 847 2308 881; x_wconf 89' lang='lat' dir='ltr'>ea</span> <span class='ocrx_word' id='word_1_52' title='bbox 2334 827 2514 881; x_wconf 89' lang='lat' dir='ltr'>omnia</span> 
     </span>
     <span class='ocr_line' id='line_1_8' title="bbox 468 903 2510 978; baseline -0.006 -11"><span class='ocrx_word' id='word_1_53' title='bbox 468 916 686 967; x_wconf 89' lang='lat' dir='ltr'>tantum</span> <span class='ocrx_word' id='word_1_54' title='bbox 725 910 1039 978; x_wconf 87' lang='lat' dir='ltr'>adprobare,</span> <span class='ocrx_word' id='word_1_55' title='bbox 1081 927 1200 978; x_wconf 80' lang='lat' dir='ltr'>quae</span> <span class='ocrx_word' id='word_1_56' title='bbox 1239 906 1595 961; x_wconf 74' lang='lat' dir='ltr'>conciliariter</span> <span class='ocrx_word' id='word_1_57' title='bbox 1632 906 1849 958; x_wconf 87' lang='lat' dir='ltr'>fuerant</span> <span class='ocrx_word' id='word_1_58' title='bbox 1891 905 2102 957; x_wconf 90' lang='lat' dir='ltr'>decreta</span> <span class='ocrx_word' id='word_1_59' title='bbox 2140 907 2194 957; x_wconf 93' lang='lat' dir='ltr'>et</span> <span class='ocrx_word' id='word_1_60' title='bbox 2235 903 2510 956; x_wconf 85' lang='lat' dir='ltr'>conclusa:</span> 
     </span>
     <span class='ocr_line' id='line_1_9' title="bbox 470 978 2515 1046; baseline -0.004 -7"><span class='ocrx_word' id='word_1_61' title='bbox 470 988 524 1040; x_wconf 87' lang='lat' dir='ltr'>id</span> <span class='ocrx_word' id='word_1_62' title='bbox 565 989 646 1039; x_wconf 92' lang='lat' dir='ltr'>est</span> <span class='ocrx_word' id='word_1_63' title='bbox 683 1003 795 1037; x_wconf 90' lang='lat' dir='ltr'>non</span> <span class='ocrx_word' id='word_1_64' title='bbox 836 984 1014 1036; x_wconf 90' lang='lat' dir='ltr'>valere</span> <span class='ocrx_word' id='word_1_65' title='bbox 1053 982 1454 1036; x_wconf 89' lang='lat' dir='ltr'>damnationem</span> <span class='ocrx_word' id='word_1_66' title='bbox 1501 981 1651 1032; x_wconf 90' lang='lat' dir='ltr'>illius</span> <span class='ocrx_word' id='word_1_67' title='bbox 1703 979 1874 1032; x_wconf 86' lang='lat' dir='ltr'>libelli</span> <span class='ocrx_word' id='word_1_68' title='bbox 1922 978 2118 1032; x_wconf 84' lang='lat' dir='ltr'>factam</span> <span class='ocrx_word' id='word_1_69' title='bbox 2170 978 2228 1030; x_wconf 90' lang='lat' dir='ltr'>in</span> <span class='ocrx_word' id='word_1_70' title='bbox 2290 995 2515 1046; x_wconf 83' lang='lat' dir='ltr'>congre-</span> 
     </span>
     <span class='ocr_line' id='line_1_10' title="bbox 471 1052 2515 1132; baseline -0.005 -19"><span class='ocrx_word' id='word_1_71' title='bbox 471 1059 783 1132; x_wconf 83' lang='lat' dir='ltr'>gationibus</span> <span class='ocrx_word' id='word_1_72' title='bbox 822 1058 1164 1127; x_wconf 75' lang='lat' dir='ltr'>partialibus,</span> <span class='ocrx_word' id='word_1_73' title='bbox 1203 1075 1302 1110; x_wconf 90' lang='lat' dir='ltr'>nec</span> <span class='ocrx_word' id='word_1_74' title='bbox 1342 1074 1396 1108; x_wconf 91' lang='lat' dir='ltr'>se</span> <span class='ocrx_word' id='word_1_75' title='bbox 1435 1054 1743 1125; x_wconf 89' lang='lat' dir='ltr'>hujusmodi</span> <span class='ocrx_word' id='word_1_76' title='bbox 1783 1054 2154 1106; x_wconf 85' lang='lat' dir='ltr'>damnationes</span> <span class='ocrx_word' id='word_1_77' title='bbox 2200 1052 2515 1121; x_wconf 85' lang='lat' dir='ltr'>adprobare,</span> 
     </span>
     <span class='ocr_line' id='line_1_11' title="bbox 479 1125 2518 1202; baseline -0.006 -14"><span class='ocrx_word' id='word_1_78' title='bbox 479 1135 569 1189; x_wconf 91' lang='lat' dir='ltr'>sed</span> <span class='ocrx_word' id='word_1_79' title='bbox 610 1153 670 1187; x_wconf 91' lang='lat' dir='ltr'>ea</span> <span class='ocrx_word' id='word_1_80' title='bbox 709 1137 943 1196; x_wconf 89' lang='lat' dir='ltr'>tantum,</span> <span class='ocrx_word' id='word_1_81' title='bbox 986 1150 1103 1202; x_wconf 75' lang='lat' dir='ltr'>quae</span> <span class='ocrx_word' id='word_1_82' title='bbox 1144 1131 1513 1194; x_wconf 76' lang='lat' dir='ltr'>conciliariter,</span> <span class='ocrx_word' id='word_1_83' title='bbox 1555 1129 1610 1181; x_wconf 88' lang='lat' dir='ltr'>id</span> <span class='ocrx_word' id='word_1_84' title='bbox 1648 1133 1729 1183; x_wconf 88' lang='lat' dir='ltr'>est</span> <span class='ocrx_word' id='word_1_85' title='bbox 1757 1128 1816 1180; x_wconf 90' lang='lat' dir='ltr'>in</span> <span class='ocrx_word' id='word_1_86' title='bbox 1837 1128 2164 1181; x_wconf 88' lang='lat' dir='ltr'>solemnibus</span> <span class='ocrx_word' id='word_1_87' title='bbox 2191 1125 2518 1179; x_wconf 85' lang='lat' dir='ltr'>sessionibus</span> 
     </span>
     <span class='ocr_line' id='line_1_12' title="bbox 474 1201 2517 1279; baseline -0.004 -17"><span class='ocrx_word' id='word_1_88' title='bbox 474 1210 729 1279; x_wconf 83' lang='lat' dir='ltr'>synodice</span> <span class='ocrx_word' id='word_1_89' title='bbox 769 1207 988 1260; x_wconf 88' lang='lat' dir='ltr'>fuerant</span> <span class='ocrx_word' id='word_1_90' title='bbox 1029 1207 1270 1268; x_wconf 85' lang='lat' dir='ltr'>decreta;</span> <span class='ocrx_word' id='word_1_91' title='bbox 1311 1205 1465 1274; x_wconf 88' lang='lat' dir='ltr'>atqui</span> <span class='ocrx_word' id='word_1_92' title='bbox 1504 1204 1718 1256; x_wconf 86' lang='lat' dir='ltr'>decreta</span> <span class='ocrx_word' id='word_1_93' title='bbox 1757 1203 1963 1272; x_wconf 73' lang='lat' dir='ltr'>quintae</span> <span class='ocrx_word' id='word_1_94' title='bbox 2003 1201 2255 1255; x_wconf 89' lang='lat' dir='ltr'>sessionis</span> <span class='ocrx_word' id='word_1_95' title='bbox 2294 1201 2517 1253; x_wconf 85' lang='lat' dir='ltr'>fuerunt</span> 
     </span>
     <span class='ocr_line' id='line_1_13' title="bbox 473 1276 2521 1350; baseline -0.007 -12"><span class='ocrx_word' id='word_1_96' title='bbox 473 1286 532 1338; x_wconf 92' lang='lat' dir='ltr'>in</span> <span class='ocrx_word' id='word_1_97' title='bbox 584 1282 815 1336; x_wconf 88' lang='lat' dir='ltr'>solemni</span> <span class='ocrx_word' id='word_1_98' title='bbox 864 1281 1100 1334; x_wconf 88' lang='lat' dir='ltr'>sessione</span> <span class='ocrx_word' id='word_1_99' title='bbox 1153 1280 1489 1350; x_wconf 84' lang='lat' dir='ltr'>synodaliter</span> <span class='ocrx_word' id='word_1_100' title='bbox 1541 1281 1749 1331; x_wconf 89' lang='lat' dir='ltr'>statuta</span> <span class='ocrx_word' id='word_1_101' title='bbox 1798 1280 1852 1330; x_wconf 90' lang='lat' dir='ltr'>et</span> <span class='ocrx_word' id='word_1_102' title='bbox 1906 1276 2174 1339; x_wconf 89' lang='lat' dir='ltr'>conclusa,</span> <span class='ocrx_word' id='word_1_103' title='bbox 2234 1278 2521 1343; x_wconf 87' lang='lat' dir='ltr'>totumque</span> 
     </span>
     <span class='ocr_line' id='line_1_14' title="bbox 476 1347 2521 1424; baseline -0.006 -11"><span class='ocrx_word' id='word_1_104' title='bbox 476 1358 778 1413; x_wconf 83' lang='lat' dir='ltr'>Concilium</span> <span class='ocrx_word' id='word_1_105' title='bbox 815 1357 1152 1423; x_wconf 67' lang='lat' dir='ltr'>uniformiter</span> <span class='ocrx_word' id='word_1_106' title='bbox 1189 1353 1545 1424; x_wconf 81' lang='lat' dir='ltr'>adprobavit3</span> <span class='ocrx_word' id='word_1_107' title='bbox 1601 1371 1732 1422; x_wconf 83' lang='lat' dir='ltr'>ergo</span> <span class='ocrx_word' id='word_1_108' title='bbox 1773 1352 1986 1404; x_wconf 87' lang='lat' dir='ltr'>decreta</span> <span class='ocrx_word' id='word_1_109' title='bbox 2025 1350 2227 1419; x_wconf 76' lang='lat' dir='ltr'>quintae</span> <span class='ocrx_word' id='word_1_110' title='bbox 2268 1347 2521 1402; x_wconf 89' lang='lat' dir='ltr'>sessionis</span> 
     </span>
     <span class='ocr_line' id='line_1_15' title="bbox 475 1423 2523 1496; baseline -0.005 -9"><span class='ocrx_word' id='word_1_111' title='bbox 475 1453 586 1487; x_wconf 92' lang='lat' dir='ltr'>non</span> <span class='ocrx_word' id='word_1_112' title='bbox 637 1432 795 1485; x_wconf 90' lang='lat' dir='ltr'>modo</span> <span class='ocrx_word' id='word_1_113' title='bbox 848 1431 1074 1484; x_wconf 88' lang='lat' dir='ltr'>fuerunt</span> <span class='ocrx_word' id='word_1_114' title='bbox 1131 1429 1387 1482; x_wconf 89' lang='lat' dir='ltr'>canonice</span> <span class='ocrx_word' id='word_1_115' title='bbox 1447 1431 1501 1482; x_wconf 89' lang='lat' dir='ltr'>et</span> <span class='ocrx_word' id='word_1_116' title='bbox 1540 1427 1874 1496; x_wconf 83' lang='lat' dir='ltr'>synodaliter</span> <span class='ocrx_word' id='word_1_117' title='bbox 1929 1425 2195 1488; x_wconf 87' lang='lat' dir='ltr'>conclusa,</span> <span class='ocrx_word' id='word_1_118' title='bbox 2246 1423 2335 1478; x_wconf 90' lang='lat' dir='ltr'>sed</span> <span class='ocrx_word' id='word_1_119' title='bbox 2389 1426 2444 1476; x_wconf 86' lang='lat' dir='ltr'>et</span> <span class='ocrx_word' id='word_1_120' title='bbox 2492 1442 2523 1477; x_wconf 86' lang='lat' dir='ltr'>a</span> 
     </span>
     <span class='ocr_line' id='line_1_16' title="bbox 477 1505 1191 1574; baseline -0.007 -12"><span class='ocrx_word' id='word_1_121' title='bbox 477 1512 664 1563; x_wconf 87' lang='lat' dir='ltr'>sancta</span> <span class='ocrx_word' id='word_1_122' title='bbox 705 1505 838 1559; x_wconf 81' lang='lat' dir='ltr'>Sede</span> <span class='ocrx_word' id='word_1_123' title='bbox 878 1506 1191 1574; x_wconf 88' lang='lat' dir='ltr'>adprobata.</span> 
     </span>
    </p>

    <p class='ocr_par' dir='ltr' id='par_1_4' title="bbox 482 1571 2532 2455">
     <span class='ocr_line' id='line_1_17' title="bbox 626 1571 2524 1646; baseline -0.005 -12"><span class='ocrx_word' id='word_1_124' title='bbox 626 1581 828 1634; x_wconf 89' lang='lat' dir='ltr'>Eadem</span> <span class='ocrx_word' id='word_1_125' title='bbox 867 1581 1080 1633; x_wconf 88' lang='lat' dir='ltr'>decreta</span> <span class='ocrx_word' id='word_1_126' title='bbox 1119 1578 1463 1632; x_wconf 87' lang='lat' dir='ltr'>confirmavit</span> <span class='ocrx_word' id='word_1_127' title='bbox 1501 1576 1781 1646; x_wconf 81' lang='lat' dir='ltr'>Eugenius</span> <span class='ocrx_word' id='word_1_128' title='bbox 1803 1574 1917 1636; x_wconf 86' lang='lat' dir='ltr'>IV.,</span> <span class='ocrx_word' id='word_1_129' title='bbox 1960 1577 2014 1627; x_wconf 92' lang='lat' dir='ltr'>et</span> <span class='ocrx_word' id='word_1_130' title='bbox 2042 1592 2158 1626; x_wconf 89' lang='lat' dir='ltr'>cum</span> <span class='ocrx_word' id='word_1_131' title='bbox 2187 1591 2281 1642; x_wconf 91' lang='lat' dir='ltr'>per</span> <span class='ocrx_word' id='word_1_132' title='bbox 2309 1571 2524 1624; x_wconf 88' lang='lat' dir='ltr'>Bullam</span> 
     </span>
     <span class='ocr_line' id='line_1_18' title="bbox 484 1649 2527 1715; baseline -0.006 -5"><span class='ocrx_word' id='word_1_133' title='bbox 484 1657 777 1710; x_wconf 75' lang='lat' dir='ltr'>«Dudum»</span> <span class='ocrx_word' id='word_1_134' title='bbox 821 1654 1135 1708; x_wconf 88' lang='lat' dir='ltr'>solemniter</span> <span class='ocrx_word' id='word_1_135' title='bbox 1176 1653 1501 1706; x_wconf 83' lang='lat' dir='ltr'>declaravit:</span> <span class='ocrx_word' id='word_1_136' title='bbox 1544 1650 1845 1704; x_wconf 81' lang='lat' dir='ltr'>Concilium</span> <span class='ocrx_word' id='word_1_137' title='bbox 1884 1649 2188 1702; x_wconf 88' lang='lat' dir='ltr'>Basileense</span> <span class='ocrx_word' id='word_1_138' title='bbox 2226 1667 2256 1699; x_wconf 94' lang='lat' dir='ltr'>a</span> <span class='ocrx_word' id='word_1_139' title='bbox 2282 1649 2527 1715; x_wconf 88' lang='lat' dir='ltr'>tempore</span> 
     </span>
     <span class='ocr_line' id='line_1_19' title="bbox 482 1722 2524 1802; baseline -0.006 -18"><span class='ocrx_word' id='word_1_140' title='bbox 482 1731 755 1802; x_wconf 77' lang='lat' dir='ltr'>praedictae</span> <span class='ocrx_word' id='word_1_141' title='bbox 807 1729 1174 1782; x_wconf 89' lang='lat' dir='ltr'>inchoationis</span> <span class='ocrx_word' id='word_1_142' title='bbox 1215 1746 1324 1781; x_wconf 84' lang='lat' dir='ltr'>suae</span> <span class='ocrx_word' id='word_1_143' title='bbox 1375 1726 1619 1797; x_wconf 82' lang='lat' dir='ltr'>legitime</span> <span class='ocrx_word' id='word_1_144' title='bbox 1661 1725 2041 1777; x_wconf 88' lang='lat' dir='ltr'>continuatum</span> <span class='ocrx_word' id='word_1_145' title='bbox 2093 1722 2260 1774; x_wconf 89' lang='lat' dir='ltr'>fuisse</span> <span class='ocrx_word' id='word_1_146' title='bbox 2300 1725 2353 1773; x_wconf 94' lang='lat' dir='ltr'>et</span> <span class='ocrx_word' id='word_1_147' title='bbox 2393 1738 2524 1783; x_wconf 87' lang='lat' dir='ltr'>esse,</span> 
     </span>
     <span class='ocr_line' id='line_1_20' title="bbox 483 1796 2523 1875; baseline -0.006 -17"><span class='ocrx_word' id='word_1_148' title='bbox 483 1805 1023 1875; x_wconf 86' lang='lat' dir='ltr'>prosecutionemque</span> <span class='ocrx_word' id='word_1_149' title='bbox 1063 1821 1271 1871; x_wconf 86' lang='lat' dir='ltr'>semper</span> <span class='ocrx_word' id='word_1_150' title='bbox 1311 1802 1578 1864; x_wconf 82' lang='lat' dir='ltr'>habuisse,</span> <span class='ocrx_word' id='word_1_151' title='bbox 1633 1797 1945 1853; x_wconf 87' lang='lat' dir='ltr'>continuari</span> <span class='ocrx_word' id='word_1_152' title='bbox 1995 1815 2056 1849; x_wconf 91' lang='lat' dir='ltr'>ac</span> <span class='ocrx_word' id='word_1_153' title='bbox 2094 1796 2523 1865; x_wconf 87' lang='lat' dir='ltr'>prosecutionem</span> 
     </span>
     <span class='ocr_line' id='line_1_21' title="bbox 482 1869 2527 1946; baseline -0.006 -13"><span class='ocrx_word' id='word_1_154' title='bbox 482 1881 679 1934; x_wconf 88' lang='lat' dir='ltr'>habere</span> <span class='ocrx_word' id='word_1_155' title='bbox 718 1879 909 1931; x_wconf 87' lang='lat' dir='ltr'>debere</span> <span class='ocrx_word' id='word_1_156' title='bbox 947 1878 1013 1930; x_wconf 88' lang='lat' dir='ltr'>ad</span> <span class='ocrx_word' id='word_1_157' title='bbox 1054 1877 1313 1946; x_wconf 79' lang='lat' dir='ltr'>praedicta</span> <span class='ocrx_word' id='word_1_158' title='bbox 1350 1879 1406 1929; x_wconf 91' lang='lat' dir='ltr'>et</span> <span class='ocrx_word' id='word_1_159' title='bbox 1455 1873 1792 1945; x_wconf 87' lang='lat' dir='ltr'>pertinentia</span> <span class='ocrx_word' id='word_1_160' title='bbox 1843 1872 1910 1924; x_wconf 89' lang='lat' dir='ltr'>ad</span> <span class='ocrx_word' id='word_1_161' title='bbox 1962 1890 2038 1935; x_wconf 89' lang='lat' dir='ltr'>ea,</span> <span class='ocrx_word' id='word_1_162' title='bbox 2100 1870 2318 1940; x_wconf 89' lang='lat' dir='ltr'>perinde</span> <span class='ocrx_word' id='word_1_163' title='bbox 2371 1887 2431 1921; x_wconf 86' lang='lat' dir='ltr'>ac</span> <span class='ocrx_word' id='word_1_164' title='bbox 2483 1869 2527 1920; x_wconf 87' lang='lat' dir='ltr'>si</span> 
     </span>
     <span class='ocr_line' id='line_1_22' title="bbox 486 1944 2527 2016; baseline -0.007 -8"><span class='ocrx_word' id='word_1_165' title='bbox 486 1955 638 2008; x_wconf 91' lang='lat' dir='ltr'>nulla</span> <span class='ocrx_word' id='word_1_166' title='bbox 676 1953 963 2006; x_wconf 89' lang='lat' dir='ltr'>dissolutio</span> <span class='ocrx_word' id='word_1_167' title='bbox 1005 1952 1149 2008; x_wconf 84' lang='lat' dir='ltr'>facta</span> <span class='ocrx_word' id='word_1_168' title='bbox 1187 1951 1395 2003; x_wconf 87' lang='lat' dir='ltr'>fuisset.</span> <span class='ocrx_word' id='word_1_169' title='bbox 1475 1949 1728 2011; x_wconf 82' lang='lat' dir='ltr'>Quinimo</span> <span class='ocrx_word' id='word_1_170' title='bbox 1780 1947 2060 2016; x_wconf 78' lang='lat' dir='ltr'>praefatam</span> <span class='ocrx_word' id='word_1_171' title='bbox 2121 1944 2527 1997; x_wconf 86' lang='lat' dir='ltr'>dissolutionem</span> 
     </span>
     <span class='ocr_line' id='line_1_23' title="bbox 486 2018 2530 2087; baseline -0.006 -5"><span class='ocrx_word' id='word_1_172' title='bbox 486 2029 701 2082; x_wconf 89' lang='lat' dir='ltr'>irritam</span> <span class='ocrx_word' id='word_1_173' title='bbox 741 2032 795 2080; x_wconf 90' lang='lat' dir='ltr'>et</span> <span class='ocrx_word' id='word_1_174' title='bbox 833 2028 1051 2079; x_wconf 86' lang='lat' dir='ltr'>inanem</span> <span class='ocrx_word' id='word_1_175' title='bbox 1090 2027 1152 2078; x_wconf 94' lang='lat' dir='ltr'>de</span> <span class='ocrx_word' id='word_1_176' title='bbox 1192 2025 1418 2078; x_wconf 91' lang='lat' dir='ltr'>consilio</span> <span class='ocrx_word' id='word_1_177' title='bbox 1459 2028 1513 2077; x_wconf 91' lang='lat' dir='ltr'>et</span> <span class='ocrx_word' id='word_1_178' title='bbox 1538 2042 1755 2076; x_wconf 90' lang='lat' dir='ltr'>assensu</span> <span class='ocrx_word' id='word_1_179' title='bbox 1785 2020 1949 2074; x_wconf 88' lang='lat' dir='ltr'>simili</span> <span class='ocrx_word' id='word_1_180' title='bbox 1975 2020 2324 2082; x_wconf 80' lang='lat' dir='ltr'>declaranteS,</span> <span class='ocrx_word' id='word_1_181' title='bbox 2353 2018 2530 2087; x_wconf 88' lang='lat' dir='ltr'>ipsum</span> 
     </span>
     <span class='ocr_line' id='line_1_24' title="bbox 487 2094 2531 2172; baseline -0.007 -15"><span class='ocrx_word' id='word_1_182' title='bbox 487 2122 697 2158; x_wconf 89' lang='lat' dir='ltr'>sacrum</span> <span class='ocrx_word' id='word_1_183' title='bbox 736 2102 986 2172; x_wconf 85' lang='lat' dir='ltr'>generale</span> <span class='ocrx_word' id='word_1_184' title='bbox 1026 2100 1327 2154; x_wconf 83' lang='lat' dir='ltr'>Concilium</span> <span class='ocrx_word' id='word_1_185' title='bbox 1367 2098 1672 2151; x_wconf 90' lang='lat' dir='ltr'>Basileense</span> <span class='ocrx_word' id='word_1_186' title='bbox 1727 2114 1879 2166; x_wconf 89' lang='lat' dir='ltr'>pure,</span> <span class='ocrx_word' id='word_1_187' title='bbox 1929 2094 2251 2164; x_wconf 86' lang='lat' dir='ltr'>simpliciter</span> <span class='ocrx_word' id='word_1_188' title='bbox 2307 2096 2360 2145; x_wconf 92' lang='lat' dir='ltr'>et</span> <span class='ocrx_word' id='word_1_189' title='bbox 2412 2111 2531 2144; x_wconf 91' lang='lat' dir='ltr'>cum</span> 
     </span>
     <span class='ocr_line' id='line_1_25' title="bbox 490 2167 2532 2240; baseline -0.006 -9"><span class='ocrx_word' id='word_1_190' title='bbox 490 2179 685 2231; x_wconf 85' lang='lat' dir='ltr'>effectu</span> <span class='ocrx_word' id='word_1_191' title='bbox 743 2195 804 2229; x_wconf 93' lang='lat' dir='ltr'>ac</span> <span class='ocrx_word' id='word_1_192' title='bbox 864 2175 1011 2229; x_wconf 86' lang='grc'>0111111</span> <span class='ocrx_word' id='word_1_193' title='bbox 1070 2174 1357 2227; x_wconf 91' lang='lat' dir='ltr'>devotione</span> <span class='ocrx_word' id='word_1_194' title='bbox 1415 2177 1468 2226; x_wconf 90' lang='lat' dir='ltr'>et</span> <span class='ocrx_word' id='word_1_195' title='bbox 1526 2173 1711 2225; x_wconf 87' lang='lat' dir='ltr'>favore</span> <span class='ocrx_word' id='word_1_196' title='bbox 1751 2169 2127 2240; x_wconf 86' lang='lat' dir='ltr'>prosequimur</span> <span class='ocrx_word' id='word_1_197' title='bbox 2174 2171 2226 2220; x_wconf 88' lang='lat' dir='ltr'>et</span> <span class='ocrx_word' id='word_1_198' title='bbox 2278 2167 2532 2237; x_wconf 83' lang='lat' dir='ltr'>prosequi</span> 
     </span>
     <span class='ocr_line' id='line_1_26' title="bbox 494 2241 2532 2315; baseline -0.007 -10"><span class='ocrx_word' id='word_1_199' title='bbox 494 2252 894 2313; x_wconf 83' lang='lat' dir='ltr'>intendimus3»</span> <span class='ocrx_word' id='word_1_200' title='bbox 940 2254 994 2303; x_wconf 90' lang='lat' dir='ltr'>et</span> <span class='ocrx_word' id='word_1_201' title='bbox 1034 2267 1217 2302; x_wconf 84' lang='lat' dir='ltr'>omnes</span> <span class='ocrx_word' id='word_1_202' title='bbox 1258 2247 1443 2300; x_wconf 88' lang='lat' dir='ltr'>Bullas</span> <span class='ocrx_word' id='word_1_203' title='bbox 1485 2250 1677 2300; x_wconf 86' lang='lat' dir='ltr'>contra</span> <span class='ocrx_word' id='word_1_204' title='bbox 1714 2245 2032 2315; x_wconf 79' lang='lat' dir='ltr'>praedictum</span> <span class='ocrx_word' id='word_1_205' title='bbox 2085 2241 2388 2296; x_wconf 86' lang='lat' dir='ltr'>Concilium</span> <span class='ocrx_word' id='word_1_206' title='bbox 2428 2241 2532 2293; x_wconf 90' lang='lat' dir='ltr'>Ba-</span> 
     </span>
     <span class='ocr_line' id='line_1_27' title="bbox 493 2315 2531 2391; baseline -0.006 -11"><span class='ocrx_word' id='word_1_207' title='bbox 493 2328 732 2390; x_wconf 92' lang='lat' dir='ltr'>sileense,</span> <span class='ocrx_word' id='word_1_208' title='bbox 775 2325 936 2379; x_wconf 88' lang='lat' dir='ltr'>etiam</span> <span class='ocrx_word' id='word_1_209' title='bbox 979 2323 1163 2377; x_wconf 78' lang='lat' dir='ltr'>«Deus</span> <span class='ocrx_word' id='word_1_210' title='bbox 1201 2324 1393 2386; x_wconf 73' lang='lat' dir='ltr'>novit,»</span> <span class='ocrx_word' id='word_1_211' title='bbox 1437 2341 1596 2391; x_wconf 90' lang='lat' dir='ltr'>quam</span> <span class='ocrx_word' id='word_1_212' title='bbox 1621 2325 1804 2374; x_wconf 90' lang='lat' dir='ltr'>tamen</span> <span class='ocrx_word' id='word_1_213' title='bbox 1830 2338 1861 2371; x_wconf 88' lang='lat' dir='ltr'>a</span> <span class='ocrx_word' id='word_1_214' title='bbox 1887 2337 1941 2372; x_wconf 90' lang='lat' dir='ltr'>se</span> <span class='ocrx_word' id='word_1_215' title='bbox 1969 2321 2267 2371; x_wconf 89' lang='lat' dir='ltr'>emanatam</span> <span class='ocrx_word' id='word_1_216' title='bbox 2294 2315 2531 2386; x_wconf 83' lang='lat' dir='ltr'>negavit,</span> 
     </span>
     <span class='ocr_line' id='line_1_28' title="bbox 491 2395 1792 2455; baseline -0.005 -1"><span class='ocrx_word' id='word_1_217' title='bbox 491 2402 557 2455; x_wconf 90' lang='lat' dir='ltr'>ad</span> <span class='ocrx_word' id='word_1_218' title='bbox 595 2402 820 2454; x_wconf 90' lang='lat' dir='ltr'>verbum</span> <span class='ocrx_word' id='word_1_219' title='bbox 856 2399 1132 2452; x_wconf 88' lang='lat' dir='ltr'>revocavit</span> <span class='ocrx_word' id='word_1_220' title='bbox 1170 2402 1223 2450; x_wconf 85' lang='lat' dir='ltr'>et</span> <span class='ocrx_word' id='word_1_221' title='bbox 1257 2397 1444 2450; x_wconf 92' lang='lat' dir='ltr'>irritas</span> <span class='ocrx_word' id='word_1_222' title='bbox 1483 2395 1792 2448; x_wconf 84' lang='lat' dir='ltr'>decla-ravit.</span> 
     </span>
    </p>

    <p class='ocr_par' dir='ltr' id='par_1_5' title="bbox 495 2463 2546 3808">
     <span class='ocr_line' id='line_1_29' title="bbox 648 2463 2535 2545; baseline -0.006 -18"><span class='ocrx_word' id='word_1_223' title='bbox 648 2475 796 2545; x_wconf 83' lang='lat' dir='ltr'>Ergo</span> <span class='ocrx_word' id='word_1_224' title='bbox 850 2473 1128 2543; x_wconf 84' lang='lat' dir='ltr'>Eugenius</span> <span class='ocrx_word' id='word_1_225' title='bbox 1166 2471 1262 2524; x_wconf 87' lang='lat' dir='ltr'>IV.</span> <span class='ocrx_word' id='word_1_226' title='bbox 1319 2471 1633 2524; x_wconf 89' lang='lat' dir='ltr'>solemniter</span> <span class='ocrx_word' id='word_1_227' title='bbox 1683 2467 2004 2538; x_wconf 81' lang='lat' dir='ltr'>recognovit</span> <span class='ocrx_word' id='word_1_228' title='bbox 2044 2465 2343 2518; x_wconf 89' lang='lat' dir='ltr'>Concilium</span> <span class='ocrx_word' id='word_1_229' title='bbox 2382 2463 2535 2516; x_wconf 88' lang='lat' dir='ltr'>Basi-</span> 
     </span>
     <span class='ocr_line' id='line_1_30' title="bbox 495 2537 2534 2618; baseline -0.006 -16"><span class='ocrx_word' id='word_1_230' title='bbox 495 2551 673 2602; x_wconf 91' lang='lat' dir='ltr'>leense</span> <span class='ocrx_word' id='word_1_231' title='bbox 713 2553 775 2601; x_wconf 94' lang='lat' dir='ltr'>ut</span> <span class='ocrx_word' id='word_1_232' title='bbox 814 2548 1119 2618; x_wconf 81' lang='lat' dir='ltr'>legitimum</span> <span class='ocrx_word' id='word_1_233' title='bbox 1159 2550 1212 2598; x_wconf 91' lang='lat' dir='ltr'>et</span> <span class='ocrx_word' id='word_1_234' title='bbox 1254 2545 1572 2598; x_wconf 87' lang='lat' dir='ltr'>canonicum</span> <span class='ocrx_word' id='word_1_235' title='bbox 1614 2561 1777 2613; x_wconf 91' lang='lat' dir='ltr'>usque</span> <span class='ocrx_word' id='word_1_236' title='bbox 1829 2542 1894 2593; x_wconf 90' lang='lat' dir='ltr'>ad</span> <span class='ocrx_word' id='word_1_237' title='bbox 1946 2541 2234 2594; x_wconf 89' lang='lat' dir='ltr'>sessionem</span> <span class='ocrx_word' id='word_1_238' title='bbox 2273 2537 2438 2601; x_wconf 63' lang='lat' dir='ltr'>XIV„</span> <span class='ocrx_word' id='word_1_239' title='bbox 2480 2538 2534 2590; x_wconf 90' lang='lat' dir='ltr'>in</span> 
     </span>
     <span class='ocr_line' id='line_1_31' title="bbox 497 2611 2535 2693; baseline -0.006 -17"><span class='ocrx_word' id='word_1_240' title='bbox 497 2643 602 2693; x_wconf 90' lang='lat' dir='ltr'>qua</span> <span class='ocrx_word' id='word_1_241' title='bbox 641 2623 755 2675; x_wconf 80' lang='lat' dir='ltr'>haec</span> <span class='ocrx_word' id='word_1_242' title='bbox 792 2621 1025 2691; x_wconf 83' lang='lat' dir='ltr'>Eugenii</span> <span class='ocrx_word' id='word_1_243' title='bbox 1065 2619 1436 2672; x_wconf 91' lang='lat' dir='ltr'>reconciliatio</span> <span class='ocrx_word' id='word_1_244' title='bbox 1478 2636 1597 2670; x_wconf 87' lang='lat' dir='ltr'>cum</span> <span class='ocrx_word' id='word_1_245' title='bbox 1638 2617 1847 2685; x_wconf 89' lang='lat' dir='ltr'>synodo</span> <span class='ocrx_word' id='word_1_246' title='bbox 1889 2614 2186 2667; x_wconf 89' lang='lat' dir='ltr'>Basileensi</span> <span class='ocrx_word' id='word_1_247' title='bbox 2232 2614 2374 2666; x_wconf 84' lang='lat' dir='ltr'>facta</span> <span class='ocrx_word' id='word_1_248' title='bbox 2413 2611 2535 2665; x_wconf 86' lang='lat' dir='ltr'>fuit.</span> 
     </span>
     <span class='ocr_line' id='line_1_32' title="bbox 498 2687 2539 2767; baseline -0.006 -16"><span class='ocrx_word' id='word_1_249' title='bbox 498 2697 669 2767; x_wconf 90' lang='lat' dir='ltr'>Atqui</span> <span class='ocrx_word' id='word_1_250' title='bbox 696 2697 767 2748; x_wconf 67' lang='grc'>’111</span> <span class='ocrx_word' id='word_1_251' title='bbox 807 2695 1136 2748; x_wconf 88' lang='lat' dir='ltr'>sessionibus</span> <span class='ocrx_word' id='word_1_252' title='bbox 1163 2692 1589 2762; x_wconf 59' lang='lat' dir='ltr'>praecedentibus</span> <span class='ocrx_word' id='word_1_253' title='bbox 1616 2695 1701 2743; x_wconf 93' lang='lat' dir='ltr'>ter</span> <span class='ocrx_word' id='word_1_254' title='bbox 1730 2690 2047 2742; x_wconf 86' lang='lat' dir='ltr'>confirmata</span> <span class='ocrx_word' id='word_1_255' title='bbox 2081 2689 2300 2740; x_wconf 86' lang='lat' dir='ltr'>fuerant</span> <span class='ocrx_word' id='word_1_256' title='bbox 2327 2687 2539 2739; x_wconf 91' lang='lat' dir='ltr'>decreta</span> 
     </span>
     <span class='ocr_line' id='line_1_33' title="bbox 498 2762 2541 2840; baseline -0.007 -14"><span class='ocrx_word' id='word_1_257' title='bbox 498 2771 754 2826; x_wconf 91' lang='lat' dir='ltr'>sessionis</span> <span class='ocrx_word' id='word_1_258' title='bbox 805 2769 1011 2840; x_wconf 79' lang='lat' dir='ltr'>quintae</span> <span class='ocrx_word' id='word_1_259' title='bbox 1064 2766 1510 2829; x_wconf 78' lang='lat' dir='ltr'>ConstantiensiS,</span> <span class='ocrx_word' id='word_1_260' title='bbox 1567 2783 1696 2834; x_wconf 83' lang='lat' dir='ltr'>ergo</span> <span class='ocrx_word' id='word_1_261' title='bbox 1737 2763 2015 2832; x_wconf 72' lang='lat' dir='ltr'>Eugenius</span> <span class='ocrx_word' id='word_1_262' title='bbox 2070 2762 2183 2814; x_wconf 82' lang='lat' dir='ltr'>haec</span> <span class='ocrx_word' id='word_1_263' title='bbox 2223 2762 2438 2812; x_wconf 87' lang='lat' dir='ltr'>decreta</span> <span class='ocrx_word' id='word_1_264' title='bbox 2479 2763 2541 2812; x_wconf 88' lang='lat' dir='ltr'>ut</span> 
     </span>
     <span class='ocr_line' id='line_1_34' title="bbox 498 2833 2537 2917; baseline -0.006 -18"><span class='ocrx_word' id='word_1_265' title='bbox 498 2845 744 2917; x_wconf 83' lang='lat' dir='ltr'>legitima</span> <span class='ocrx_word' id='word_1_266' title='bbox 783 2848 838 2898; x_wconf 90' lang='lat' dir='ltr'>et</span> <span class='ocrx_word' id='word_1_267' title='bbox 876 2843 1134 2896; x_wconf 88' lang='lat' dir='ltr'>canonica</span> <span class='ocrx_word' id='word_1_268' title='bbox 1155 2841 1382 2912; x_wconf 83' lang='lat' dir='ltr'>agnovit</span> <span class='ocrx_word' id='word_1_269' title='bbox 1419 2840 1601 2909; x_wconf 91' lang='lat' dir='ltr'>eisque</span> <span class='ocrx_word' id='word_1_270' title='bbox 1628 2837 1917 2900; x_wconf 91' lang='lat' dir='ltr'>consensit,</span> <span class='ocrx_word' id='word_1_271' title='bbox 1956 2836 2011 2888; x_wconf 93' lang='lat' dir='ltr'>id</span> <span class='ocrx_word' id='word_1_272' title='bbox 2037 2839 2119 2888; x_wconf 91' lang='lat' dir='ltr'>est</span> <span class='ocrx_word' id='word_1_273' title='bbox 2143 2833 2421 2904; x_wconf 80' lang='lat' dir='ltr'>Eugenius</span> <span class='ocrx_word' id='word_1_274' title='bbox 2442 2833 2537 2886; x_wconf 88' lang='lat' dir='ltr'>IV.</span> 
     </span>
     <span class='ocr_line' id='line_1_35' title="bbox 501 2907 2538 2976; baseline -0.007 -2"><span class='ocrx_word' id='word_1_275' title='bbox 501 2922 714 2974; x_wconf 90' lang='lat' dir='ltr'>decreta</span> <span class='ocrx_word' id='word_1_276' title='bbox 756 2918 985 2972; x_wconf 91' lang='lat' dir='ltr'>Concilii</span> <span class='ocrx_word' id='word_1_277' title='bbox 1026 2915 1457 2970; x_wconf 88' lang='lat' dir='ltr'>Constantiensis</span> <span class='ocrx_word' id='word_1_278' title='bbox 1485 2913 1742 2967; x_wconf 90' lang='lat' dir='ltr'>sessionis</span> <span class='ocrx_word' id='word_1_279' title='bbox 1767 2911 1834 2964; x_wconf 89' lang='lat' dir='ltr'>V.</span> <span class='ocrx_word' id='word_1_280' title='bbox 1864 2909 2176 2963; x_wconf 81' lang='lat' dir='ltr'>solemniter</span> <span class='ocrx_word' id='word_1_281' title='bbox 2202 2907 2538 2976; x_wconf 86' lang='lat' dir='ltr'>adprobavit.</span> 
     </span>
     <span class='ocr_line' id='line_1_36' title="bbox 502 2982 2542 3051; baseline -0.008 -2"><span class='ocrx_word' id='word_1_282' title='bbox 502 2995 616 3049; x_wconf 90' lang='lat' dir='ltr'>Nec</span> <span class='ocrx_word' id='word_1_283' title='bbox 654 2995 799 3047; x_wconf 90' lang='lat' dir='ltr'>valet</span> <span class='ocrx_word' id='word_1_284' title='bbox 838 2993 1014 3046; x_wconf 85' lang='lat' dir='ltr'>dicere</span> <span class='ocrx_word' id='word_1_285' title='bbox 1053 2992 1109 3044; x_wconf 92' lang='lat' dir='ltr'>in</span> <span class='ocrx_word' id='word_1_286' title='bbox 1148 2991 1245 3043; x_wconf 91' lang='lat' dir='ltr'>illa</span> <span class='ocrx_word' id='word_1_287' title='bbox 1271 2989 1458 3043; x_wconf 89' lang='lat' dir='ltr'>Bulla:</span> <span class='ocrx_word' id='word_1_288' title='bbox 1504 2988 1790 3040; x_wconf 77' lang='lat' dir='ltr'>«Dudum»</span> <span class='ocrx_word' id='word_1_289' title='bbox 1820 2985 1985 3038; x_wconf 87' lang='lat' dir='ltr'>fuisse</span> <span class='ocrx_word' id='word_1_290' title='bbox 2010 2984 2148 3036; x_wconf 86' lang='lat' dir='ltr'>hanc</span> <span class='ocrx_word' id='word_1_291' title='bbox 2173 2982 2542 3051; x_wconf 86' lang='lat' dir='ltr'>exceptionem</span> 
     </span>
     <span class='ocr_line' id='line_1_37' title="bbox 508 3055 2542 3137; baseline -0.008 -14"><span class='ocrx_word' id='word_1_292' title='bbox 508 3070 620 3123; x_wconf 91' lang='lat' dir='ltr'>«ita</span> <span class='ocrx_word' id='word_1_293' title='bbox 669 3073 849 3123; x_wconf 88' lang='lat' dir='ltr'>tamen</span> <span class='ocrx_word' id='word_1_294' title='bbox 901 3067 1044 3137; x_wconf 89' lang='lat' dir='ltr'>quod</span> <span class='ocrx_word' id='word_1_295' title='bbox 1096 3064 1443 3135; x_wconf 78' lang='lat' dir='ltr'>praesidentes</span> <span class='ocrx_word' id='word_1_296' title='bbox 1493 3062 1672 3116; x_wconf 90' lang='lat' dir='ltr'>nostri</span> <span class='ocrx_word' id='word_1_297' title='bbox 1724 3061 1790 3114; x_wconf 89' lang='lat' dir='ltr'>ad</span> <span class='ocrx_word' id='word_1_298' title='bbox 1830 3058 2043 3128; x_wconf 84' lang='lat' dir='ltr'>praefati</span> <span class='ocrx_word' id='word_1_299' title='bbox 2082 3057 2310 3110; x_wconf 87' lang='lat' dir='ltr'>Concilii</span> <span class='ocrx_word' id='word_1_300' title='bbox 2356 3055 2542 3126; x_wconf 84' lang='lat' dir='ltr'>praesi-</span> 
     </span>
     <span class='ocr_line' id='line_1_38' title="bbox 506 3133 2544 3202; baseline -0.008 -5"><span class='ocrx_word' id='word_1_301' title='bbox 506 3144 748 3197; x_wconf 87' lang='lat' dir='ltr'>dentiam</span> <span class='ocrx_word' id='word_1_302' title='bbox 786 3142 1149 3195; x_wconf 88' lang='lat' dir='ltr'>admittantur</span> <span class='ocrx_word' id='word_1_303' title='bbox 1190 3157 1310 3192; x_wconf 91' lang='lat' dir='ltr'>cum</span> <span class='ocrx_word' id='word_1_304' title='bbox 1349 3138 1559 3201; x_wconf 72' lang='lat' dir='ltr'>effectu,</span> <span class='ocrx_word' id='word_1_305' title='bbox 1616 3155 1679 3189; x_wconf 89' lang='lat' dir='ltr'>ac</span> <span class='ocrx_word' id='word_1_306' title='bbox 1717 3133 1898 3188; x_wconf 89' lang='lat' dir='ltr'>omnia</span> <span class='ocrx_word' id='word_1_307' title='bbox 1937 3133 2152 3202; x_wconf 84' lang='lat' dir='ltr'>singula</span> <span class='ocrx_word' id='word_1_308' title='bbox 2191 3135 2382 3184; x_wconf 88' lang='lat' dir='ltr'>contra</span> <span class='ocrx_word' id='word_1_309' title='bbox 2419 3149 2544 3199; x_wconf 88' lang='lat' dir='ltr'>per-</span> 
     </span>
     <span class='ocr_line' id='line_1_39' title="bbox 507 3205 2543 3281; baseline -0.007 -10"><span class='ocrx_word' id='word_1_310' title='bbox 507 3236 710 3281; x_wconf 91' lang='lat' dir='ltr'>sonam,</span> <span class='ocrx_word' id='word_1_311' title='bbox 762 3216 1146 3270; x_wconf 88' lang='lat' dir='ltr'>auctoritatem</span> <span class='ocrx_word' id='word_1_312' title='bbox 1197 3232 1259 3266; x_wconf 89' lang='lat' dir='ltr'>ac</span> <span class='ocrx_word' id='word_1_313' title='bbox 1310 3212 1618 3266; x_wconf 88' lang='lat' dir='ltr'>libertatem</span> <span class='ocrx_word' id='word_1_314' title='bbox 1663 3213 1907 3263; x_wconf 89' lang='lat' dir='ltr'>nostram</span> <span class='ocrx_word' id='word_1_315' title='bbox 1961 3211 2013 3259; x_wconf 92' lang='lat' dir='ltr'>et</span> <span class='ocrx_word' id='word_1_316' title='bbox 2054 3206 2192 3259; x_wconf 89' lang='lat' dir='ltr'>sedis</span> <span class='ocrx_word' id='word_1_317' title='bbox 2231 3205 2543 3274; x_wconf 76' lang='lat' dir='ltr'>apostolicae</span> 
     </span>
     <span class='ocr_line' id='line_1_40' title="bbox 507 3277 2544 3345; baseline -0.007 -1"><span class='ocrx_word' id='word_1_318' title='bbox 507 3310 568 3345; x_wconf 89' lang='lat' dir='ltr'>ac</span> <span class='ocrx_word' id='word_1_319' title='bbox 607 3291 992 3343; x_wconf 88' lang='lat' dir='ltr'>venerabilium</span> <span class='ocrx_word' id='word_1_320' title='bbox 1042 3289 1275 3342; x_wconf 87' lang='lat' dir='ltr'>fratrum</span> <span class='ocrx_word' id='word_1_321' title='bbox 1326 3290 1637 3340; x_wconf 90' lang='lat' dir='ltr'>nostrorum</span> <span class='ocrx_word' id='word_1_322' title='bbox 1689 3286 1890 3337; x_wconf 82' lang='lat' dir='ltr'>sanctae</span> <span class='ocrx_word' id='word_1_323' title='bbox 1928 3281 2081 3334; x_wconf 84' lang='lat' dir='ltr'>Rom.</span> <span class='ocrx_word' id='word_1_324' title='bbox 2124 3279 2376 3332; x_wconf 79' lang='lat' dir='ltr'>Ecclesiae</span> <span class='ocrx_word' id='word_1_325' title='bbox 2416 3277 2544 3331; x_wconf 88' lang='lat' dir='ltr'>Car-</span> 
     </span>
     <span class='ocr_line' id='line_1_41' title="bbox 509 3352 2543 3432; baseline -0.007 -14"><span class='ocrx_word' id='word_1_326' title='bbox 509 3366 771 3419; x_wconf 89' lang='lat' dir='ltr'>dinalium</span> <span class='ocrx_word' id='word_1_327' title='bbox 810 3369 865 3417; x_wconf 89' lang='lat' dir='ltr'>et</span> <span class='ocrx_word' id='word_1_328' title='bbox 903 3365 1134 3416; x_wconf 91' lang='lat' dir='ltr'>aliorum</span> <span class='ocrx_word' id='word_1_329' title='bbox 1174 3378 1617 3432; x_wconf 89' lang='lat' dir='ltr'>quorumcunque</span> <span class='ocrx_word' id='word_1_330' title='bbox 1665 3357 1820 3412; x_wconf 87' lang='lat' dir='ltr'>nobis</span> <span class='ocrx_word' id='word_1_331' title='bbox 1873 3355 2264 3408; x_wconf 62' lang='lat' dir='ltr'>adhaerentium</span> <span class='ocrx_word' id='word_1_332' title='bbox 2303 3353 2361 3405; x_wconf 90' lang='lat' dir='ltr'>in</span> <span class='ocrx_word' id='word_1_333' title='bbox 2399 3352 2543 3404; x_wconf 89' lang='lat' dir='ltr'>dicto</span> 
     </span>
     <span class='ocr_line' id='line_1_42' title="bbox 511 3426 2545 3506; baseline -0.009 -11"><span class='ocrx_word' id='word_1_334' title='bbox 511 3439 756 3495; x_wconf 92' lang='lat' dir='ltr'>Concilio</span> <span class='ocrx_word' id='word_1_335' title='bbox 795 3438 941 3491; x_wconf 89' lang='lat' dir='ltr'>facta</span> <span class='ocrx_word' id='word_1_336' title='bbox 979 3441 1034 3490; x_wconf 86' lang='lat' dir='ltr'>et</span> <span class='ocrx_word' id='word_1_337' title='bbox 1073 3441 1242 3506; x_wconf 83' lang='lat' dir='ltr'>gesta,</span> <span class='ocrx_word' id='word_1_338' title='bbox 1284 3454 1378 3506; x_wconf 92' lang='lat' dir='ltr'>per</span> <span class='ocrx_word' id='word_1_339' title='bbox 1418 3434 1622 3488; x_wconf 88' lang='lat' dir='ltr'>dictum</span> <span class='ocrx_word' id='word_1_340' title='bbox 1662 3430 1958 3486; x_wconf 91' lang='lat' dir='ltr'>Concilium</span> <span class='ocrx_word' id='word_1_341' title='bbox 1999 3429 2150 3498; x_wconf 87' lang='lat' dir='ltr'>prius</span> <span class='ocrx_word' id='word_1_342' title='bbox 2190 3427 2409 3480; x_wconf 89' lang='lat' dir='ltr'>omnino</span> <span class='ocrx_word' id='word_1_343' title='bbox 2435 3426 2545 3479; x_wconf 92' lang='lat' dir='ltr'>tol-</span> 
     </span>
     <span class='ocr_line' id='line_1_43' title="bbox 510 3503 2545 3580; baseline -0.008 -12"><span class='ocrx_word' id='word_1_344' title='bbox 510 3515 695 3568; x_wconf 88' lang='lat' dir='ltr'>lantur</span> <span class='ocrx_word' id='word_1_345' title='bbox 746 3517 801 3566; x_wconf 91' lang='lat' dir='ltr'>et</span> <span class='ocrx_word' id='word_1_346' title='bbox 849 3513 908 3564; x_wconf 92' lang='lat' dir='ltr'>in</span> <span class='ocrx_word' id='word_1_347' title='bbox 955 3511 1250 3580; x_wconf 84' lang='lat' dir='ltr'>pristinum</span> <span class='ocrx_word' id='word_1_348' title='bbox 1299 3513 1504 3564; x_wconf 90' lang='lat' dir='ltr'>statum</span> <span class='ocrx_word' id='word_1_349' title='bbox 1551 3508 1894 3560; x_wconf 88' lang='lat' dir='ltr'>reducantur.</span> <span class='ocrx_word' id='word_1_350' title='bbox 1984 3503 2174 3574; x_wconf 83' lang='lat' dir='ltr'>Sicque</span> <span class='ocrx_word' id='word_1_351' title='bbox 2213 3520 2320 3554; x_wconf 88' lang='lat' dir='ltr'>una</span> <span class='ocrx_word' id='word_1_352' title='bbox 2366 3503 2545 3552; x_wconf 90' lang='lat' dir='ltr'>mente</span> 
     </span>
     <span class='ocr_line' id='line_1_44' title="bbox 514 3573 2546 3656; baseline -0.009 -12"><span class='ocrx_word' id='word_1_353' title='bbox 514 3594 570 3644; x_wconf 87' lang='lat' dir='ltr'>et</span> <span class='ocrx_word' id='word_1_354' title='bbox 609 3606 716 3642; x_wconf 91' lang='lat' dir='ltr'>uno</span> <span class='ocrx_word' id='word_1_355' title='bbox 757 3585 958 3656; x_wconf 87' lang='lat' dir='ltr'>spiritu</span> <span class='ocrx_word' id='word_1_356' title='bbox 999 3626 1011 3637; x_wconf 91' lang='lat'>.</span> <span class='ocrx_word' id='word_1_357' title='bbox 1055 3626 1066 3638; x_wconf 90' lang='lat'>.</span> <span class='ocrx_word' id='word_1_358' title='bbox 1109 3627 1120 3638; x_wconf 89' lang='lat'>.</span> <span class='ocrx_word' id='word_1_359' title='bbox 1161 3585 1220 3637; x_wconf 91' lang='lat' dir='ltr'>in</span> <span class='ocrx_word' id='word_1_360' title='bbox 1276 3585 1423 3638; x_wconf 90' lang='lat' dir='ltr'>dicto</span> <span class='ocrx_word' id='word_1_361' title='bbox 1463 3582 1706 3637; x_wconf 89' lang='lat' dir='ltr'>Concilio</span> <span class='ocrx_word' id='word_1_362' title='bbox 1762 3578 2139 3651; x_wconf 83' lang='lat' dir='ltr'>procedatur.»</span> <span class='ocrx_word' id='word_1_363' title='bbox 2238 3574 2376 3627; x_wconf 89' lang='lat' dir='ltr'>Nam</span> <span class='ocrx_word' id='word_1_364' title='bbox 2432 3573 2546 3626; x_wconf 86' lang='lat' dir='ltr'>haec</span> 
     </span>
     <span class='ocr_line' id='line_1_45' title="bbox 515 3650 2545 3734; baseline -0.008 -18"><span class='ocrx_word' id='word_1_365' title='bbox 515 3662 795 3734; x_wconf 86' lang='lat' dir='ltr'>pertinent</span> <span class='ocrx_word' id='word_1_366' title='bbox 845 3659 912 3713; x_wconf 86' lang='lat' dir='ltr'>ad</span> <span class='ocrx_word' id='word_1_367' title='bbox 961 3659 1110 3711; x_wconf 86' lang='lat' dir='ltr'>illam</span> <span class='ocrx_word' id='word_1_368' title='bbox 1163 3657 1392 3722; x_wconf 86' lang='lat' dir='ltr'>Bullam,</span> <span class='ocrx_word' id='word_1_369' title='bbox 1453 3675 1612 3727; x_wconf 90' lang='lat' dir='ltr'>quam</span> <span class='ocrx_word' id='word_1_370' title='bbox 1661 3652 1938 3725; x_wconf 84' lang='lat' dir='ltr'>Eugenius</span> <span class='ocrx_word' id='word_1_371' title='bbox 1977 3650 2073 3704; x_wconf 85' lang='lat' dir='ltr'>IV.</span> <span class='ocrx_word' id='word_1_372' title='bbox 2132 3650 2545 3720; x_wconf 75' lang='lat' dir='ltr'>praeparaverat,</span> 
     </span>
     <span class='ocr_line' id='line_1_46' title="bbox 516 3721 2546 3808; baseline -0.008 -17"><span class='ocrx_word' id='word_1_373' title='bbox 516 3754 740 3808; x_wconf 87' lang='lat' dir='ltr'>quaeque</span> <span class='ocrx_word' id='word_1_374' title='bbox 776 3737 966 3807; x_wconf 86' lang='lat' dir='ltr'>postea</span> <span class='ocrx_word' id='word_1_375' title='bbox 1001 3732 1149 3787; x_wconf 87' lang='lat' dir='ltr'>varie</span> <span class='ocrx_word' id='word_1_376' title='bbox 1187 3736 1242 3788; x_wconf 85' lang='lat' dir='ltr'>et</span> <span class='ocrx_word' id='word_1_377' title='bbox 1281 3731 1659 3802; x_wconf 84' lang='lat' dir='ltr'>multipliciter</span> <span class='ocrx_word' id='word_1_378' title='bbox 1697 3728 1803 3785; x_wconf 85' lang='lat' dir='ltr'>fuit</span> <span class='ocrx_word' id='word_1_379' title='bbox 1836 3729 2071 3790; x_wconf 80' lang='lat' dir='ltr'>mutata3</span> <span class='ocrx_word' id='word_1_380' title='bbox 2110 3742 2224 3781; x_wconf 86' lang='lat' dir='ltr'>non</span> <span class='ocrx_word' id='word_1_381' title='bbox 2260 3740 2388 3779; x_wconf 84' lang='lat' dir='ltr'>vero</span> <span class='ocrx_word' id='word_1_382' title='bbox 2430 3721 2546 3776; x_wconf 84' lang='lat' dir='ltr'>haec</span> 
     </span>
    </p>
   </div>
  </div>
 </body>
</html>
