2612 4062
366 236 475 292 214

514 384 688 437 Totus
726 382 942 435 libellus
970 381 1263 450 impressus
1290 382 1373 433 est
1398 377 1455 431 in
1477 376 1786 448 Appendice
1811 375 1878 430 ad
1906 374 2409 430 Commendationes

366 459 670 513 Historicas
718 456 898 510 Caroli
947 455 1168 519 Butler,
1229 472 1365 525 quae
1417 453 1477 506 in
1521 451 1858 507 Bibliotheca
1910 449 2140 522 Collegii
2189 448 2410 521 Anglici
2452 455 2455 458 '

364 535 465 588 hac
503 534 561 585 in
601 532 733 585 urbe
771 531 1058 583 habentur.

516 607 595 660 De
649 606 894 659 Statibus
951 603 1136 658 Unitis
1194 602 1475 656 Americae
1525 599 1980 671 Septentrionalis
2038 599 2196 654 testis
2259 597 2412 655 adest

367 681 865 737 Reverendissimus
904 677 1360 750 Archiepiscopus
1399 675 1839 739 BaltimorensiS,
1889 674 1983 743 qui
2024 692 2176 727 suam
2213 673 2272 725 in
2310 671 2412 726 hac

367 776 424 810 re
463 755 691 811 tradidit
731 753 1086 818 sententiam,
1138 771 1250 805 non
1305 751 1363 804 in
1404 769 1564 820 opere
1604 750 1820 822 quidem
1859 749 2150 814 hist-orico,
2201 766 2265 800 ex
2305 766 2411 818 quo

362 835 475 902 jam
514 830 778 882 nonnulla
818 828 999 893 citavi,
1040 827 1201 898 quod,
1243 830 1438 896 utpote
1475 825 1608 878 alios
1650 843 1811 894 quam
1839 822 2146 877 Catholicos
2184 823 2412 879 lectores

367 909 680 967 nacturum,
741 903 1052 956 liberiorem
1091 902 1278 955 forsan
1317 901 1396 954 rei
1435 899 1846 969 explicationem
1887 898 2206 967 permittere
2243 899 2415 953 videri

367 983 579 1050 posset3
621 978 711 1031 sed
752 979 810 1030 in
845 978 1134 1040 Concione,
1177 995 1337 1046 quam
1374 975 1433 1029 in
1473 994 1568 1027 sua
1606 974 1778 1044 ipsius
1817 972 2058 1027 Ecclesia
2087 972 2413 1038 Cathedrali,

366 1055 492 1107 dum
532 1054 816 1123 episcopus
842 1052 1393 1120 Ludovicopolitanus
1422 1053 1577 1113 esset,
1617 1049 1683 1101 ad
1722 1048 1903 1100 fideles
1940 1046 2147 1102 habuit.
2212 1050 2414 1120 Magno

369 1148 489 1182 cum
536 1127 613 1180 rei
652 1128 922 1180 Ecclesiae
961 1127 1353 1189 emolumento,
1398 1125 1680 1177 conciones
1719 1123 1853 1175 istas
1892 1121 2079 1176 deinde
2118 1123 2177 1174 in
2213 1126 2414 1178 librum

368 1203 620 1273 collegit,
663 1206 716 1255 et
749 1202 891 1272 juris
930 1201 1135 1271 publici
1173 1200 1319 1254 fecit.
1398 1199 1558 1252 Liber
1599 1198 1809 1267 saepius
1849 1215 2068 1251 recusus
2108 1200 2217 1263 est;
2258 1203 2312 1253 et
2352 1217 2416 1251 ex

370 1282 482 1348 ejus
543 1282 738 1346 quarta
793 1277 1059 1339 editione,
1121 1275 1437 1338 Baltimori,
1498 1292 1641 1326 anno
1706 1275 1840 1324 1866
1899 1273 2046 1341 typis
2104 1272 2415 1344 impreSSUS,

368 1356 678 1406 asservatur
731 1352 789 1403 in
842 1351 1183 1404 Bibliotheca
1225 1349 1451 1420 Collegii
1503 1347 1811 1400 Americani
1860 1346 1919 1397 in
1968 1348 2069 1399 hac
2107 1350 2269 1402 urbe:
2330 1348 2416 1402 cui

370 1430 435 1481 ab
477 1430 697 1480 auctore
736 1428 884 1497 ipso,
941 1445 1102 1479 manu
1155 1424 1380 1495 propria
1426 1425 1539 1493 ejus
1579 1422 1800 1475 nomine
1839 1421 2123 1490 inscripto,
2165 1424 2291 1477 dum
2328 1423 2418 1476 hic

370 1507 525 1565 esset,
567 1520 711 1554 anno
761 1505 915 1566 1867,
960 1501 1102 1554 dono
1144 1501 1359 1553 oblatus
1399 1502 1496 1551 est.

518 1576 598 1629 De
652 1576 919 1628 Ecclesiae
970 1574 1366 1627 infallibilitate
1415 1573 1589 1625 multa
1640 1574 1859 1644 egregia
1898 1577 2150 1642 perorat3
2210 1573 2416 1635 deinde,

372 1652 700 1722 objectiones
742 1655 930 1703 contra
970 1669 1085 1703 eam
1124 1649 1242 1701 fieri
1282 1649 1470 1701 solitas
1511 1646 1774 1711 refutanS,
1815 1647 1976 1700 dicit:

524 1724 719 1778 «Anne
770 1725 994 1778 dicimus
1046 1725 1224 1794 ipsum
1268 1723 1470 1792 Papam
1522 1722 1950 1789 impeccabilem,
2010 1728 2104 1776 aut
2157 1727 2418 1791 tanquam

371 1820 659 1872 personam
709 1801 1117 1869 particularem,
1175 1817 1287 1850 esse
1341 1795 1720 1849 infallibilem?
1800 1795 1972 1848 Nemo
2023 1817 2087 1850 ex
2127 1796 2418 1850 Catholicis

370 1875 643 1946 theologis
682 1875 816 1928 talia
854 1893 1093 1944 unquam
1132 1876 1226 1926 aut
1266 1867 1432 1935 dixit',
1473 1874 1568 1923 aut
1608 1870 1914 1923 somniavit.
1997 1872 2155 1924 Anne
2194 1872 2418 1924 dicimus

372 1951 576 2020 Papam
615 1954 874 2019 tanquam
914 1967 1200 2019 personam
1254 1946 1554 2017 publicam,
1605 1948 1660 1997 et
1697 1963 1917 1997 munere
1956 1963 2051 2000 suo
2081 1948 2416 2015 fungentem,

370 2025 586 2096 quando
613 2025 860 2093 loquitur
901 2028 961 2077 ut
990 2022 1259 2076 Ecclesiae
1300 2040 1359 2074 os
1400 2024 1454 2073 et
1487 2022 1600 2090 ejus
1629 2018 1804 2088 Caput
1843 2019 2073 2085 visibile,
2115 2019 2418 2072 infallibili-

369 2104 483 2154 tate
524 2099 782 2152 donatum
823 2101 974 2151 esse?
1051 2096 1251 2150 Nullus
1291 2095 1579 2164 theologus
1621 2093 1933 2148 Catholicus
1972 2095 2419 2148 infallibilitatem

371 2178 485 2245 ejus
527 2174 690 2227 etiam
730 2173 788 2225 in
827 2173 893 2226 iis
932 2191 1110 2225 rerum
1153 2170 1440 2240 adjunctiS,
1483 2187 1722 2238 unquam
1751 2171 2139 2241 propugnavit,
2181 2170 2288 2223 nisi
2314 2188 2416 2232 res,

371 2251 435 2302 de
485 2249 679 2319 quibus
730 2248 1106 2301 definitionem
1159 2245 1415 2307 ediderit,
1469 2262 1590 2296 cum
1636 2243 1901 2298 doctrinis
1941 2245 2065 2298 fidei
2104 2262 2420 2313 morumque

370 2324 562 2378 intime
615 2341 886 2376 connexae
939 2325 1118 2375 essent
1130 2342 1146 2387 ,·
1201 2325 1256 2374 et
1307 2320 1352 2372 si
1392 2319 1539 2371 Deus
1592 2336 1711 2371 eum
1751 2319 1813 2376 ,in
1873 2337 2110 2373 errorem
2148 2320 2258 2372 labi
2299 2337 2419 2386 per-

370 2399 635 2462 misisset,
689 2398 899 2450 adesset
950 2396 1251 2465 periculum
1302 2413 1370 2446 ne
1417 2397 1538 2447 tota
1590 2393 1829 2446 Ecclesia
1880 2395 2172 2448 aberraret.
2256 2393 2421 2446 Multi

372 2473 467 2527 isti
515 2473 768 2542 doctique
827 2471 1072 2541 theologi
1124 2468 1419 2532 Catholici,
1479 2467 1573 2537 qui
1633 2468 2082 2522 infallibilitatem
2134 2468 2419 2522 Pontificis

371 2547 604 2601 Romani
626 2550 853 2600 tuentur
881 2546 938 2598 in
963 2546 1067 2598 hoc
1096 2563 1236 2608 casn,
1267 2542 1593 2596 sententiam
1621 2543 1785 2595 etiam
1806 2547 2066 2612 tanquam
2093 2543 2418 2610 Opinionem,

372 2622 545 2693 magis
583 2622 830 2674 minusve
871 2624 1100 2683 certam,
1153 2637 1266 2671 non
1303 2621 1566 2685 tanquam
1604 2616 1730 2668 fidei
1770 2616 2079 2670 Catholicae
2117 2618 2420 2671 doctrinam

372 2698 438 2751 ab
478 2695 719 2750 Ecclesia
759 2695 1053 2757 definitam,
1095 2696 1149 2746 et
1189 2691 1438 2744 omnibus
1478 2690 1793 2742 credendam
1831 2691 2075 2745 tradunt.
2153 2692 2274 2744 Etsi
2307 2710 2419 2744 non

374 2772 447 2826 sit
486 2771 611 2824 fidei
652 2769 963 2823 Catholicae
1001 2767 1291 2831 articuluS,
1341 2769 1422 2819 est
1463 2768 1645 2818 tamen
1684 2765 1956 2818 sententia
1995 2766 2137 2834 apud
2178 2765 2419 2819 Catholi-

376 2865 464 2900 cos
518 2844 915 2915 receptissima3
969 2861 1069 2913 ego
1123 2859 1337 2911 quoque
1389 2840 1447 2892 in
1494 2857 1606 2892 eam
1655 2838 1884 2891 maxime
1931 2858 2232 2909 propensus
2284 2859 2418 2905 sum,

376 2920 661 2990 praecipue
708 2920 776 2973 ob
828 2918 1081 2971 intimam
1118 2914 1401 2970 Pontificis
1443 2932 1563 2967 cum
1603 2913 1839 2966 Ecclesia
1875 2914 2222 2978 relationem,
2262 2919 2326 2968 ut
2362 2915 2421 2968 in

378 2995 650 3048 Concione
687 2993 858 3048 altera
895 2991 1122 3062 patebit.
1199 2989 1450 3042 Attamen
1487 3005 1590 3042 non
1630 2993 1707 3043 est
1743 2987 1891 3040 aliud
1930 3007 2089 3058 quam
2128 3003 2325 3054 OPINIO,
2367 2994 2421 3043 et

377 3070 560 3122 nullus
601 3068 911 3122 Catholicus
961 3066 1186 3120 auderet
1236 3083 1493 3135 magnum
1531 3063 1902 3128 Bossuetium,
1955 3065 2182 3133 exempli
2224 3064 2419 3135 gratia,

380 3143 505 3195 fidei
553 3143 730 3196 minus
785 3141 1118 3196 orthodoxae
1157 3139 1430 3203 incusare,
1483 3137 1727 3208 quamvis
1777 3155 1892 3190 eam
1931 3139 2238 3209 negaverit,
2292 3139 2420 3191 dum

379 3217 649 3270 Ecclesiae
694 3216 1146 3271 infallibilitatem
1202 3213 1346 3267 haud
1400 3214 1580 3267 minus
1627 3229 1853 3266 nervose
1905 3231 2064 3282 quam
2104 3213 2419 3284 eloquenter

380 3291 788 3361 propugnavit»
805 3293 837 3343 ¹.

503 3434 517 3459 ¹
550 3436 616 3479 Do
647 3450 710 3480 we
733 3451 858 3481 mean
889 3440 937 3481 to
968 3452 1045 3494 say
1059 3437 1164 3482 that
1197 3450 1305 3481 even
1336 3435 1414 3480 the
1432 3436 1549 3492 Pope
1580 3435 1619 3479 is
1648 3434 1913 3492 impeccable
1944 3449 1992 3478 or
2022 3434 2240 3480 infallible
2271 3435 2317 3479 in
2346 3434 2417 3478 his

385 3498 556 3555 private
588 3495 674 3539 and
704 3495 944 3540 individual
976 3496 1212 3554 capacity?
1265 3495 1334 3540 No
1366 3494 1568 3540 Catholic
1597 3493 1741 3538 divine
1772 3508 1872 3538 ever
1901 3508 1947 3538 so
1976 3495 2103 3539 much
2138 3507 2187 3539 as
2216 3493 2421 3539 dreamed

385 3557 434 3600 of
473 3556 630 3613 saying
672 3567 720 3598 or
760 3555 973 3611 thinking
1003 3570 1062 3599 so.
1125 3556 1191 3599 Do
1231 3570 1296 3599 we
1327 3569 1455 3599 mean
1485 3557 1533 3598 to
1565 3567 1642 3611 say
1670 3553 1772 3598 that
1803 3555 1882 3598 the
1911 3554 2045 3610 Pope,
2078 3553 2240 3598 viewed
2270 3555 2317 3598 in
2346 3553 2421 3597 his

386 3616 536 3674 public
566 3613 655 3659 and
683 3612 846 3658 official
877 3614 1090 3671 capacity,
1123 3616 1248 3660 when
1278 3615 1334 3659 he
1365 3614 1520 3671 speaks
1550 3617 1641 3667 out,
1672 3627 1720 3658 as
1750 3614 1827 3657 the
1859 3625 1996 3669 organ
2027 3612 2114 3658 and
2134 3612 2290 3657 visible
2306 3612 2419 3658 head

386 3676 435 3722 of
460 3677 538 3722 the
571 3673 771 3729 Churoh,
812 3673 850 3717 is
880 3672 1026 3731 gifted
1056 3675 1167 3721 with
1197 3673 1510 3734 Infallibility?
1568 3673 1637 3720 No
1668 3672 1869 3721 catholic
1899 3671 2045 3720 divine
2075 3685 2176 3719 ever
2206 3670 2420 3719 defended

2590 3932 2612 4062 Una-§mm-
2606 3913 2612 3920 .
2607 3885 2612 3903 2
2608 3876 2612 3878 .
