2612 4062
2115 277 2221 327 229

174 437 235 472 ea
273 417 381 471 vim
419 417 596 472 habet.
673 417 861 471 Bullas
901 437 1037 488 quae
1077 420 1417 490 disciplinam
1456 424 1671 474 tantum
1711 420 1966 484 localem3
2008 439 2102 474 seu
2140 439 2225 475 res

175 493 420 546 nondum
471 493 741 546 stabilitas
779 493 1099 562 respiciant,
1143 495 1296 548 edere
1334 499 1546 565 posset-3
1601 498 1655 548 et
1694 514 1754 549 eo
1796 495 1856 549 in
1897 514 2018 549 casu
2061 494 2224 550 Bulla

175 569 288 637 ejus
326 586 357 620 a
396 567 570 630 nobie,
611 569 777 636 prout
810 567 968 620 nobis
1008 568 1183 621 visum
1224 569 1406 634 fuerit,
1447 570 1753 624 haberetur

321 641 362 694 Ι.
405 641 471 694 Ι11
522 641 647 693 fidei
698 642 1038 710 professione
1076 642 1160 694 Pii
1199 642 1280 696 IV
1331 648 1627 698 occurrunt
1667 643 1976 714 sequentia.
2048 643 2223 698 «Obe-

172 716 432 769 dientiam
472 715 716 767 Romano
756 714 1013 768 Pontifici
1054 715 1105 769 S.
1149 717 1297 770 Petri
1338 719 1630 772 successori
1669 719 1918 801 exhibere
1952 719 2220 788 promitto

175 793 231 843 et
262 792 405 860 J‘uro.
415 810 442 838 »
488 820 554 827 —-
596 789 734 851 Quid
776 790 879 842 sibi
917 791 1111 843 volunt
1150 793 1310 844 verba
1349 792 1489 846 ista?

319 864 383 916 R.
426 863 488 916 Id
526 867 759 927 tantum,
803 883 902 917 nos
943 864 991 916 ei
1017 883 1217 918 morem
1258 870 1511 936 gesturos
1551 866 1610 918 in
1650 866 1716 919 iis
1756 866 1823 918 ad
1863 884 2000 935 quae
2027 870 2217 921 aucto-

171 939 304 992 ritas
357 958 452 990 sua
506 956 618 990 sese
658 938 929 1000 extendit3
983 939 1288 1008 spiritualia
1328 959 1547 1010 nempe,
1602 958 1693 993 seu
1734 958 1869 1010 quae
1907 959 1938 992 a
1978 941 2222 995 conciliis

170 1012 512 1083 generalibus
566 1013 890 1082 regulariter
937 1014 1046 1082 jam
1099 1014 1324 1067 definita
1363 1015 1503 1078 sint,
1559 1017 1612 1066 et
1651 1033 1682 1067 a
1720 1015 1878 1068 nobis
1919 1019 2219 1085 acceptata;

170 1106 283 1140 non
321 1087 464 1139 enim
491 1087 672 1139 omnia
700 1087 1055 1140 conciliorum
1082 1088 1244 1141 etiam
1280 1089 1611 1159 generalium
1641 1089 1871 1159 singulis
1893 1089 1951 1141 in
1977 1090 2220 1160 regioni-

171 1162 269 1214 bus
310 1165 588 1230 acceptata
628 1165 771 1214 sunt.
849 1161 1098 1230 Exempli
1138 1163 1346 1233 gratia:
1389 1163 1601 1216 decreta
1641 1163 1950 1216 Tridentini
1991 1163 2218 1217 Concilii

115 1287 117 1290 .
169 1236 541 1304 disciplinaria
599 1235 654 1287 in
715 1254 885 1304 regno
938 1235 1144 1288 Galliae
1201 1256 1313 1289 non
1372 1241 1500 1290 sunt
1548 1235 1841 1306 acceptata.
1931 1237 2221 1292 Decretum

170 1309 398 1362 Concilii
425 1309 733 1362 Tridentini
774 1310 1116 1379 disciplinam
1156 1312 1534 1379 particularem
1573 1312 1865 1381 respiciens
1908 1310 2221 1379 (clandesti-

169 1384 382 1453 nitatis)
426 1384 484 1435 in
522 1383 806 1436 Provincia
846 1384 1221 1449 Dubliniensi,
1264 1385 1320 1437 in
1360 1384 1614 1456 Lagenia,
1656 1405 1767 1439 non
1807 1389 1890 1438 est
1927 1390 2219 1456 receptum,

169 1459 412 1527 quamvis
451 1459 509 1510 in
548 1459 670 1510 aliis
698 1457 989 1510 Hiberniae
1029 1460 1274 1527 partibus
1313 1464 1590 1528 receptum
1630 1460 1716 1512 sit.
1774 1458 1967 1514 Omnia
2007 1461 2221 1514 decreta

169 1533 526 1585 conciliorum
578 1533 737 1586 etiam
778 1533 1143 1602 generalium,
1198 1534 1370 1586 multo
1422 1533 1600 1587 minus
1642 1534 1969 1587 Pontificum
2009 1535 2222 1588 decreta

169 1607 365 1670 omnia,
407 1607 516 1659 vim
556 1607 750 1659 habere
789 1611 1069 1675 nequeunt
1109 1607 1215 1659 nisi
1256 1627 1285 1659 a
1325 1608 1548 1661 natione
1576 1627 1734 1677 quam
1773 1609 2084 1677 respiciant,
2125 1613 2220 1663 aut

172 1684 321 1751 cujus
350 1681 690 1750 disciplinam
719 1684 969 1750 tangant,
997 1682 1300 1734 formaliter
1327 1686 1691 1751 acceptentur.
1760 1682 2015 1753 Singulae
2035 1683 2219 1736 Eccle-

167 1755 274 1808 siae
315 1775 409 1808 sua
442 1757 568 1824 jura
608 1755 919 1824 possident3
974 1774 1148 1839 eaque.
1190 1774 1362 1824 neque
1402 1756 1527 1809 tolli
1568 1775 1738 1827 neque
1776 1756 1948 1809 minui
1987 1761 2221 1826 possunt

169 1833 293 1882 actu
335 1848 670 1898 quocumque
696 1828 1003 1893 PontificiO,
1045 1829 1152 1882 nisi
1192 1848 1313 1882 cum
1353 1830 1583 1884 istarum
1621 1831 1951 1884 hierarchiae
1992 1830 2219 1900 (episco-

166 1905 382 1974 porum)
425 1922 703 1956 consensu.

314 1978 356 2031 Ι.
400 1977 455 2031 Si
495 1977 751 2031 Pontifex
796 1978 921 2046 jura
960 1976 1152 2047 RegiS,
1206 1981 1301 2030 aut
1341 1978 1658 2032 fidelitatem
1698 1998 1803 2048 qua
1841 1979 1979 2050 Regi
2019 1979 2218 2033 Catho-

163 2053 255 2106 lici
296 2052 546 2106 obstricti
586 2056 731 2116 sunt,
773 2051 982 2104 laedere
1022 2055 1335 2117 attentaret,
1380 2053 1509 2122 quid
1550 2054 1720 2118 fieret,
1763 2054 1952 2107 saltem
1992 2073 2022 2107 a
2055 2054 2211 2109 Olero

164 2127 483 2181 Catholico‘?

311 2201 375 2254 R.
418 2201 600 2255 Fieret
639 2205 701 2254 ut
740 2220 839 2254 nos
881 2201 1027 2254 omni
1068 2220 1173 2270 quo
1202 2202 1541 2270 potuerimus
1570 2203 1729 2255 modo
1771 2202 1819 2254 ei
1847 2221 1946 2255 nos
1975 2221 2213 2272 oppone-

161 2294 358 2340 remus,
400 2276 643 2330 adhibito
685 2275 848 2328 etiam
889 2275 1237 2328 auctoritatis
1277 2281 1497 2328 nostrae
1536 2276 1839 2346 spiritualis
1880 2277 2153 2330 exercitio.

313 2350 354 2404 Ι.
416 2350 481 2403 Ι11
540 2369 645 2421 quo
703 2350 864 2403 modo
922 2350 1083 2403 istam
1140 2350 1521 2404 auctoritatem
1573 2351 1913 2420 spiritualem
1970 2370 2214 2404 exercere

163 2424 430 2494 possetis?

309 2499 373 2552 R.
433 2498 641 2568 Populo
702 2497 1075 2552 annuntiando
1135 2517 1290 2551 suum
1350 2498 1406 2550 in
1458 2498 1632 2551 Deum
1691 2497 1933 2551 officium
1990 2499 2055 2551 ab
2115 2500 2209 2565 613,

163 2576 355 2642 utpote
409 2572 726 2638 Catholicis,
786 2574 1024 2644 exigere,
1085 2590 1198 2625 sese
1252 2591 1527 2642 opponere
1582 2573 1897 2642 cuicumque
1949 2592 2208 2643 personae

163 2666 296 2716 quae
346 2650 703 2702 attentaverit
752 2649 962 2701 laedere
1001 2647 1137 2699 illud
1171 2650 1287 2716 jus,
1331 2648 1474 2716 quod
1513 2648 1598 2700 lex
1639 2646 1880 2700 Naturae
1919 2653 1974 2701 et
2014 2647 2211 2701 Divina

161 2721 405 2775 Positiva
468 2723 615 2777 dedit
667 2723 806 2794 Regi
863 2741 1077 2785 eorum,
1144 2740 1301 2790 quem
1364 2725 1427 2775 ut
1485 2722 1688 2775 subditi
1744 2722 1889 2774 tueri
1947 2726 2208 2775 tenemur.

160 2795 560 2850 Auctoritatem
598 2798 769 2869 igitur
810 2801 1055 2849 nostram
1081 2795 1423 2864 spiritualem
1450 2796 1843 2860 adhiberemUS‚
1874 2797 2209 2866 evangelium

161 2871 361 2940 populo
409 2873 792 2941 praedicando,
845 2889 1040 2939 eosque
1091 2870 1332 2922 docendo
1374 2888 1485 2922 sese
1529 2869 1782 2923 Pontifici
1823 2880 2120 2940 opponere‘,
2161 2870 2208 2923 si

161 2944 253 2997 ille
286 2948 411 3016 jura
449 2946 611 3018 Regis
651 2945 828 3000 nostri
866 2945 1073 2997 laedere
1113 2944 1482 2997 attentaverit.

674 3123 808 3177 Rev.
850 3122 945 3176 Ds.
987 3121 1195 3174 DANmL
1235 3119 1470 3173 MURRAY
1509 3119 1574 3173 D.
1615 3119 1682 3173 D.

810 3210 1191 3268 (Archiepiscopus
1221 3206 1542 3262 Dubliniensis)

858 3345 944 3399 die
981 3348 1061 3398 22
1100 3316 1302 3396 Martii
1340 3344 1500 3395 1825.

307 3465 350 3518 I.
390 3465 588 3519 Velitis
627 3465 760 3517 bene
800 3481 1062 3533 exponere
1089 3460 1400 3524 Comitatui,
1442 3479 1575 3530 quae
1616 3461 1688 3515 sit
1727 3465 1938 3528 natura,
1981 3466 2036 3516 et
2067 3481 2202 3532 quae

163 3539 318 3609 origo
357 3538 701 3593 auctoritatis
739 3537 1062 3605 Pontificis‘?

310 3613 374 3665 R.
434 3612 711 3683 Originem
769 3609 1113 3666 auctoritatis
1166 3608 1472 3661 Pontificis
1508 3609 1771 3663 credimus
1829 3609 2116 3679 provenire
2169 3628 2200 3663 a

163 3687 295 3752 De0,
336 3687 430 3757 qui
470 3686 757 3742 constituit
797 3690 958 3757 caput
983 3683 1251 3738 Ecclesiae
1277 3701 1436 3754 quam
1463 3683 1521 3739 in
1551 3684 1712 3740 terris
1739 3685 1966 3739 fundare
1993 3683 2202 3739 voluit:
