2612 4062
468 236 571 289 194

461 381 700 446 adunati,
741 379 1030 451 collegium
1068 377 1438 449 apostolicum⁴
1470 379 1824 435 constituant.
1865 377 2010 434 Hinc
2033 379 2197 435 verba
2223 377 2505 451 Cypriani3

467 457 839 527 <episcopatus
867 474 1005 507 unus
1033 459 1132 518 est,
1175 456 1326 523 cujus
1365 473 1490 523 pars
1528 455 1587 508 in
1625 455 1858 509 solidum
1897 475 1927 509 a
1966 455 2195 526 singulis
2235 459 2507 523 tenetur»,

461 532 636 584 lucem
692 530 967 599 accipiunt
1024 532 1078 582 et
1136 528 1348 581 facilem
1402 529 1832 599 explicationem.
1920 529 1979 583 Si
2029 529 2508 585 Eminentissimus

461 605 683 659 Praesul
722 603 1096 657 Dubliniensis
1147 602 1232 656 his
1271 602 1712 672 acquiescendum
1751 623 1863 658 non
1897 604 2251 675 judicaverit,
2310 623 2509 677 negare

462 681 652 733 saltem
702 679 889 747 nequit
942 677 1187 748 singulos
1241 677 1519 748 episcopos
1571 679 1631 732 in
1682 679 1925 733 conciliis
1964 679 2308 751 generalibus
2341 680 2509 750 juris-

461 755 753 807 dictionem
808 751 1169 805 universalem
1225 753 1438 806 habere.
1534 753 1690 806 Hanc
1748 753 1962 823 quidem
2021 753 2349 807 clarissimus
2406 754 2507 819 vir,

461 827 916 897 Archiepiscopus
957 825 1277 891 Nisibenus,
1319 827 1418 880 sub
1458 827 1619 880 finem
1659 828 1877 881 secundi
1917 828 2208 882 voluminis
2247 829 2510 882 versionis

462 902 697 955 Gallicae
718 901 995 954 Historiae
1022 920 1146 954 suae
1168 901 1534 954 Conciliorum
1554 902 1916 967 Generalium,
1952 903 2235 956 ostendere
2264 906 2509 967 conatur,

460 976 727 1046 episcopis
763 976 1060 1028 derivatam
1100 995 1213 1029 esse
1251 996 1282 1028 a
1310 975 1518 1046 Spiritu
1549 976 1774 1042 SanctO,
1817 977 1871 1030 vi
1910 997 2035 1031 suae
2069 976 2510 1042 consecrationiS,

461 1051 587 1103 dum
637 1051 861 1104 localem
911 1069 1097 1104 eorum
1145 1051 1582 1120 jurisdictionem
1623 1071 1654 1104 a
1693 1051 1938 1105 Romano
1978 1051 2243 1105 Pontifice
2283 1055 2509 1122 repetat.

465 1124 660 1178 Schola
688 1129 869 1178 autem
896 1126 1275 1196 theologorum
1307 1125 1393 1178 cui
1419 1127 1681 1179 adhaereo
1711 1131 1890 1180 censet
1918 1145 2130 1180 omnem
2155 1126 2511 1196 episcopalem

454 1200 923 1270 jurisdictionem,
983 1200 1249 1269 episcopis
1290 1200 1463 1253 inesse
1502 1220 1533 1253 a
1573 1200 1788 1255 Christo
1839 1201 2144 1254 immediate
2182 1200 2509 1263 derivatam3

462 1275 899 1343 ordinariamque
953 1277 1066 1344 ejus
1117 1275 1518 1328 restrictionem
1567 1276 1791 1328 localem
1831 1295 1943 1328 non
1994 1276 2100 1328 nisi
2139 1294 2203 1327 ex
2243 1274 2512 1328 Ecclesiae

461 1349 722 1402 instituto
763 1354 940 1402 ortam
980 1367 1126 1410 esse3
1206 1368 1326 1402 cum
1365 1350 1546 1403 debita
1584 1355 1766 1403 tamen
1806 1350 2253 1403 subordinatione
2292 1352 2404 1420 ejus
2443 1349 2512 1401 ad

459 1423 767 1476 Romanum
806 1423 1157 1488 Pontificem,
1219 1430 1472 1493 tanquam
1518 1424 1746 1496 Collegii
1795 1425 2084 1494 apostolici
2123 1428 2312 1494 caput,
2373 1424 2514 1477 sicut

459 1502 512 1551 et
568 1499 850 1551 universae
889 1498 1174 1551 Ecclesiae.
1257 1499 1385 1551 Dico
1438 1499 1609 1570 igitur
1659 1501 1822 1553 verba
1862 1499 2065 1552 Christi
2117 1499 2184 1551 ad
2236 1499 2511 1568 apostolos

461 1573 606 1626 dicta
659 1592 871 1626 omnem
912 1592 1063 1626 suam
1114 1573 1225 1626 vim
1264 1573 1426 1627 etiam
1477 1593 1577 1643 pro
1618 1592 1805 1627 eorum
1855 1573 2250 1627 successoribus
2298 1573 2511 1637 habere,

460 1647 706 1717 nihilque
763 1667 908 1716 pono
969 1647 1111 1701 unde
1161 1648 1514 1702 labefactetur
1572 1654 1954 1719 argumentum
2012 1648 2156 1718 quod
2214 1667 2278 1700 ex
2335 1647 2512 1701 verbis

461 1721 726 1775 Matthaei
752 1722 898 1775 XVI.
949 1726 1028 1775 18.
1070 1723 1293 1775 educere
1333 1724 1512 1776 solent
1549 1723 1820 1794 theologi,
1879 1723 1933 1775 in
1975 1722 2353 1792 probationem
2392 1722 2513 1774 Pri-

461 1801 639 1850 matus
687 1797 920 1850 Romani
972 1796 1281 1851 Pontificis:
1362 1798 1428 1850 ad
1479 1799 1630 1868 cujus
1670 1803 1861 1869 ,tamen
1914 1816 2135 1850 examen
2186 1816 2333 1849 nunc
2382 1814 2512 1866 pro-

460 1871 695 1943 gredior.

1437 2035 1537 2089 III.

610 2167 866 2222 Vestram
915 2169 1315 2240 indulgentiam
1361 2170 1609 2239 postuIO,
1670 2168 2102 2223 Eminentissimi
2140 2187 2202 2222 ac
2240 2169 2511 2222 Reveren-

461 2243 668 2297 dissimi
707 2243 924 2309 Patres,
985 2249 1048 2298 ut
1096 2263 1180 2298 me
1231 2245 1478 2313 pluribus
1533 2248 1676 2298 certe
1727 2244 1870 2296 haud
1923 2244 2163 2298 arrisura
2200 2244 2510 2313 loquentem

460 2337 630 2388 aequo
671 2319 851 2372 animo
891 2319 1139 2374 audiatis
1202 2319 1297 2372 Nil
1335 2318 1682 2384 haereticum,
1723 2322 1822 2372 aut
1846 2319 1990 2388 quod
2016 2318 2279 2371 haeresim
2317 2318 2510 2388 sapiat,

463 2398 526 2447 ut
558 2412 623 2446 ex
650 2393 809 2446 dictis
831 2393 1259 2447 Eminentissimi
1281 2394 1652 2447 Dubliniensis
1692 2394 1883 2447 timere
1923 2393 2164 2463 possitiS,
2209 2394 2508 2462 proferam:

462 2468 541 2520 nil
581 2468 725 2538 quod
763 2468 1051 2538 principiis
1080 2469 1202 2521 fidei
1241 2469 1584 2532 adversetur3
1627 2469 1706 2521 nil
1733 2468 1877 2538 quod
1904 2468 2178 2521 rationum
2203 2467 2509 2531 momentiS,

461 2561 563 2612 pro
623 2542 821 2595 virium
878 2542 1177 2607 tenuitate,
1239 2542 1430 2596 fulcire
1488 2561 1601 2595 non
1661 2544 1911 2595 conabor.
1989 2542 2172 2595 Unum
2228 2546 2310 2595 est
2367 2541 2510 2611 quod

462 2616 730 2670 monitum
771 2616 926 2670 volo:
1006 2636 1088 2669 me
1127 2636 1226 2686 pro
1280 2635 1363 2668 me
1404 2617 1520 2685 ipso
1562 2616 1744 2685 loqui,
1803 2635 1915 2669 non
1954 2635 2053 2686 pro
2094 2616 2245 2680 aliis;
2322 2633 2511 2686 meque

462 2691 671 2744 nescire
711 2691 932 2760 siquae
973 2691 1218 2744 dicturus
1259 2691 1385 2755 sim,
1435 2691 1502 2743 iis
1541 2690 1703 2743 etiam
1743 2691 2060 2759 quibuscum
2098 2690 2156 2742 in
2198 2691 2512 2759 quaestione

464 2766 766 2836 praesentis
805 2765 1081 2819 discursus
1122 2767 1454 2836 conjungor,
1513 2784 1625 2819 non
1676 2764 1788 2818 sint
1837 2764 2194 2833 displicitura.
2273 2763 2330 2816 Si
2366 2764 2510 2817 inter

463 2841 791 2910 loquendum
829 2840 1035 2910 aliquid
1087 2841 1275 2893 durius
1315 2839 1449 2892 mihi
1495 2839 1671 2892 dicere
1710 2839 2033 2909 contigerit,
2092 2841 2417 2892 mementote
2457 2842 2512 2891 et

466 2915 757 2968 imitamini
797 2915 1102 2984 exemplum
1139 2915 1334 2968 ducum
1361 2914 1556 2984 quibus
1595 2912 1914 2983 patientiam
1952 2912 2283 2982 persuaserit
2308 2911 2511 2966 celebre

467 2989 699 3043 dictum:
746 2989 1023 3055 «Percute,
1065 2990 1154 3043 sed
1178 2990 1358 3042 audi».
1424 2986 1856 3042 Moderatoribus
1884 2986 2341 3040 Eminentissimis
2369 2985 2510 3040 Con-

467 3065 805 3134 gregationis
843 3083 1047 3119 morem
1085 3082 1298 3136 geram:
1364 3064 1600 3118 motibus
1638 3066 1819 3116 autem
1857 3079 1970 3115 non
2010 3061 2206 3114 cedam.

616 3138 917 3193 Primatum
974 3138 1208 3194 Romani
1270 3138 1552 3193 Pontificis
1615 3137 1676 3190 in
1739 3136 1991 3190 universa
2047 3136 2286 3194 Ecclesia
2308 3175 2321 3200 ,
2394 3138 2510 3189 tum

470 3208 691 3265 honoris
712 3217 831 3266 tum
850 3213 1249 3283 jurisdictionis
1269 3230 1530 3285 agnosco:
1547 3211 1868 3282 oprimatum
1889 3211 2017 3276 dixi,
2049 3229 2162 3264 non
2182 3223 2506 3265 DOMINATUM.

470 3283 771 3357 Primatum
796 3292 994 3342 autem·
1010 3289 1076 3354 ei,
1116 3292 1377 3357 tanquam
1404 3286 1553 3341 Petri
1590 3285 1902 3350 successori,
1941 3286 2114 3340 inesse
2140 3287 2261 3339 tota
2284 3282 2507 3338 traditio

472 3357 743 3412 Ecclesiae
780 3379 812 3413 a
849 3380 945 3415 sua
984 3363 1197 3434 origine
1233 3366 1502 3425 testatum
1580 3378 1686 3431 quo
1725 3359 1841 3413 solo
1880 3359 2192 3416 testimonio
2231 3359 2508 3422 adductus,

473 3450 594 3486 eum
641 3436 898 3503 tanquam
949 3438 1308 3496 certissimum
1359 3437 1483 3490 fidei
1522 3433 1851 3505 principium
1901 3439 1955 3488 et
2006 3435 2229 3505 dogma,
2287 3431 2507 3502 accipio,

473 3506 615 3561 Eum
653 3511 837 3560 autem
874 3527 902 3560 e
941 3512 1116 3564 verbis
1156 3511 1349 3566 Sacrae
1387 3510 1699 3580 Scripturae
1737 3509 1960 3577 probari
1997 3526 2182 3578 posse,
2222 3508 2287 3560 ab
2328 3507 2508 3576 aliquo

473 3581 567 3652 qui
607 3580 759 3651 sequi
809 3582 940 3636 velit
990 3586 1229 3655 regulam
1280 3587 1341 3642 in
1391 3603 1576 3639 earum
1631 3582 2085 3652 interpretatione
2111 3592 2114 3595 ’
2136 3579 2506 3642 adhibendam,

473 3654 629 3711 nobis
684 3654 945 3726 tradita-m
978 3661 1064 3711 in
1118 3660 1243 3715 fidei
1299 3659 1641 3732 professione,
1668 3675 1858 3727 ,quam
1913 3658 2044 3715 sub.
2075 3655 2295 3730 initium
2344 3655 2507 3724 hujus
