2722 4146
531 253 594 305 18

523 419 584 454 ac
625 402 727 454 fide
767 420 996 471 regnum
1037 399 1296 454 coelorum
1334 398 1518 453 nullus
1566 403 1748 469 potest
1787 398 2010 458 intrare.
2105 401 2180 458 Et
2231 404 2571 476 quodeunque

524 475 778 542 liyaveris
807 517 817 528 .
849 518 903 530 ..
983 475 1110 537 Quae
1169 474 1413 526 solvendi
1470 493 1531 526 ac
1589 474 1798 545 ligandi
1835 481 2105 546 potestaS‚
2167 481 2410 548 quamvis
2468 483 2571 536 soli

524 549 687 603 Petro
728 551 852 602 data
891 550 1135 601 videatur
1175 568 1204 600 a
1245 547 1479 601 Domino
1517 549 1718 618 absque
1759 551 1870 603 ulla
1908 555 2089 605 tamen
2128 554 2405 608 dubietate
2443 575 2570 610 nos-

525 625 750 676 cendum
792 629 889 687 est,
933 623 1073 691 quod
1115 625 1169 674 et
1211 622 1418 674 cae-teris
1445 621 1733 691 Apostolis
1760 625 1936 690 dat-ur,
1978 627 2096 696 ipso
2123 632 2279 691 teste,
2323 630 2417 698 qui
2447 635 2571 700 post

525 698 791 767 passionis
847 695 1368 764 resurrectionisque
1419 697 1757 767 triumphum
1820 719 2087 770 apparens
2140 703 2214 754 eis
2268 703 2570 758 insufflavit

522 778 575 825 et
597 771 1024 825 dixitomnibus:
1053 770 1294 835 Accipite
1315 770 1577 837 Spiritum
1599 779 1872 827 sam-tum:
1910 793 2130 842 quorum
2148 779 2492 831 remiseritis.
2519 820 2530 831 .
2559 820 2570 832 .

523 846 679 898 Nunc
720 846 882 899 etiam
922 845 978 896 iu
1019 845 1301 913 Episcopis
1340 865 1401 898 ac
1454 848 1781 916 presbyteris
1835 850 2085 902 omnibus
2125 851 2378 905 Ecclesiae
2431 853 2568 905 idem

522 921 759 972 officium
801 919 1164 972 committitur
1193 960 1206 970 .
1235 961 1245 971 .
1279 961 1289 971 .
1333 919 1494 972 Omni
1534 921 1706 992 igitur
1749 923 2002 976 Ecclesiae
2042 925 2360 990 electorum,
2409 929 2569 996 juxta

520 995 735 1046 modum
777 994 1056 1062 culparum
1096 993 1180 1045 vel
1220 995 1571 1062 poenitentiae,
1614 997 1820 1067 ligandi
1859 1017 1920 1050 ac
1961 999 2202 1052 solvendi
2243 1001 2402 1054 datur
2443 1020 2568 1054 auc-

523 1068 731 1121 toritas.
813 1067 914 1119 Sed
955 1067 1072 1119 ideo
1117 1068 1163 1120 b.
1205 1068 1400 1122 Petrus
1460 1070 1551 1139 qui
1606 1071 1883 1124 Christum
1942 1073 2082 1125 bona
2134 1075 2235 1127 fide
2290 1076 2568 1128 confessus

518 1147 615 1205 est,
661 1161 783 1194 vero
824 1146 906 1194 est
945 1160 1126 1194 amore
1167 1147 1399 1207 seciitUS‚
1441 1147 1744 1210 specialiter
1795 1147 1968 1199 claves
2022 1148 2175 1217 regni
2218 1151 2474 1202 coelorum
2515 1154 2567 1202 et

520 1217 883 1285 principatum
925 1216 1224 1285 judiciariae
1274 1219 1567 1286 potestatis
1617 1221 1840 1289 accepit,
1895 1226 1957 1275 ut
2005 1241 2187 1275 omnes
2241 1243 2334 1292 per
2384 1225 2565 1276 orbem

519 1291 792 1343 credentes
833 1290 1167 1361 intelligant,
1210 1293 1352 1360 quod
1393 1294 1715 1363 quicumque
1754 1296 1818 1347 ab
1861 1296 2071 1348 unitate
2112 1297 2235 1349 fidei
2277 1299 2359 1350 vel
2401 1298 2567 1350 socie-

518 1366 649 1418 tatis
689 1366 836 1417 illius
878 1366 1124 1434 quolibet
1162 1367 1320 1419 modo
1349 1367 1668 1436 semetipsos
1696 1374 2004 1439 segregant,
2045 1371 2181 1423 tales
2210 1391 2308 1424 nec
2334 1372 2565 1424 vinculis

518 1444 860 1508 peccatorum
897 1440 1122 1503 absolvi,
1163 1459 1261 1493 1160
1294 1443 1516 1509 januam
1558 1444 1771 1511 possint
1822 1445 1977 1514 regni
2019 1446 2248 1499 coelestis
2301 1446 2563 1515 ingredi.»

668 1514 721 1566 S.
765 1515 1081 1568 Ambrosius
1120 1516 1212 1567 lib.
1257 1515 1349 1570 VI.
1394 1517 1451 1568 111
1492 1516 1620 1570 Luc,
1664 1537 1776 1586 cap.
1825 1518 1912 1571 IX.
1960 1519 2075 1572 «Tu
2118 1539 2171 1572 es
2197 1520 2445 1573 Christus
2471 1521 2566 1572 Fi-

520 1589 626 1641 lius
667 1589 771 1641 Dea·
810 1591 918 1642 vivi
946 1631 957 1642 .
989 1631 999 1642 .
1033 1630 1043 1641 .
1085 1588 1285 1659 Magna
1323 1596 1503 1643 autem
1545 1592 1751 1646 Christi
1790 1593 1998 1662 gratia.
2041 1594 2132 1663 qui
2175 1595 2356 1647 omnia
2396 1614 2565 1663 prope

520 1664 776 1716 vocabula
816 1683 911 1716 sua
951 1664 1230 1732 discipulis
1270 1665 1381 1717 suis
1411 1666 1650 1720 donavit.
1713 1667 1830 1734 qu
1853 1687 1982 1732 sum,
2015 1669 2212 1738 inquit,
2243 1670 2336 1721 lux
2363 1671 2562 1733 memnii,

517 1743 570 1790 et
608 1738 660 1790 id
699 1743 897 1802 tamen,
941 1757 1046 1807 quo
1089 1739 1203 1807 ipse
1230 1740 1518 1808 gloriatur,
1562 1741 1843 1810 discipulis
1871 1762 2066 1795 nomen
2095 1743 2325 1796 indulsit
2353 1744 2562 1795 dicens:

528 1812 626 1865 Vos
666 1815 791 1865 estis
821 1814 994 1865 szzen
1031 1814 1236 1866 muudi.
1303 1813 1421 1882 Eyo
1458 1834 1577 1868 sum
1615 1819 1792 1869 virus:
1833 1822 1888 1870 et
1926 1836 2024 1870 nos
2066 1836 2248 1871 omnes
2291 1837 2429 1870 unus
2471 1838 2564 1886 pa-

516 1887 598 1939 nis
639 1907 838 1940 sumus.
921 1888 1036 1954 Eyo
1073 1905 1192 1941 sum
1229 1890 1356 1941 vitis
1397 1907 1534 1953 vera,
1577 1895 1630 1943 et
1669 1891 1769 1944 tibi
1811 1891 1970 1944 dicit:
2015 1892 2267 1944 Plantavi
2307 1896 2361 1944 te
2400 1892 2562 1944 vitem

516 1962 863 2014 fructuosam.
950 1962 1105 2015 Petra·
1145 1966 1226 2016 est
1267 1963 1544 2016 Christus:
1590 1966 1844 2019 bibebant
1883 1967 2024 2018 enim
2084 1968 2147 2019 de
2207 1966 2443 2035 spiritali
2484 1985 2565 2019 se-

515 2043 711 2105 quente
763 2041 934 2106 petra,
997 2041 1151 2106 petra
1204 2041 1385 2090 autem
1442 2043 1560 2091 erat
1607 2039 1882 2102 Christus;
1936 2041 2097 2093 etiam
2145 2040 2412 2108 discipulo
2466 2060 2562 2092 suo

514 2111 670 2178 hujus
712 2112 959 2164 vocabuli
999 2112 1233 2182 gratiam
1274 2131 1382 2164 non
1424 2115 1660 2182 negavit,
1704 2118 1766 2167 ut
1806 2120 1858 2168 et
1899 2115 2013 2183 ipse
2053 2116 2127 2168 sit
2166 2114 2377 2178 Petrus,
2420 2115 2560 2183 quod

514 2185 576 2237 de
616 2190 772 2254 petra
812 2186 1008 2240 habeat
1047 2186 1380 2240 soliditatem
1409 2189 1748 2252 constantiae.
1792 2189 1916 2240 fidei
1944 2190 2275 2242 firmitatem.
2321 2220 2386 2226 -—
2431 2189 2562 2240 Eni-

488 2264 624 2331 -tere
663 2279 810 2330 ergo,
854 2264 914 2313 ut
956 2266 1009 2314 et
1050 2265 1111 2314 tu
1151 2265 1306 2330 petra
1348 2262 1436 2314 sis.
1510 2262 1694 2331 [taque
1735 2283 1846 2316 11011
1886 2267 2039 2316 extra
2079 2268 2149 2327 te,
2192 2263 2282 2315 sed
2321 2263 2470 2315 intra
2509 2267 2562 2315 te

515 2339 720 2402 petram
763 2335 990 2403 require.
1053 2335 1213 2388 Petra
1251 2339 1347 2388 tua
1385 2340 1537 2388 actus
1579 2341 1676 2398 est.
1718 2342 1871 2405 petra
1910 2342 2006 2390 tua
2045 2356 2195 2390 mens
2235 2341 2332 2391 est.
2387 2336 2563 2405 Supra

513 2409 650 2461 hanc
690 2413 896 2477 petiam
936 2410 1234 2463 {edificatur
1274 2410 1461 2462 domus
1523 2415 1631 2473 tua,
1697 2415 1754 2464 ut
1813 2412 2018 2464 nullius
2078 2412 2252 2481 possit
2306 2411 2561 2479 nequit-ia}

515 2483 779 2550 spiritalis
821 2485 1152 2537 reverberari
1192 2485 1458 2553 procellis.
1529 2485 1689 2537 Petra
1728 2490 1822 2538 tua
1850 2487 1979 2538 fides
2008 2492 2104 2550 est,
2147 2486 2560 2538 fundamentum

519 2557 768 2610 Ecclesiae
810 2559 938 2611 fides
979 2563 1075 2612 est.
1150 2558 1206 2611 Si
1245 2563 1400 2627 petra
1434 2560 1619 2622 fueris,
1660 2560 1717 2611 in
1745 2559 1986 2612 Ecclesia
2012 2561 2135 2623 eriS‚
2178 2560 2301 2628 quia
2323 2559 2563 2612 Ecclesia

514 2650 678 2700 supra
717 2636 942 2700 petram.
1024 2633 1081 2686 Si
1118 2633 1175 2686 in
1216 2633 1456 2687 Ecclesia
1499 2634 1690 2697 fueris,
1733 2638 1907 2702 portae
1947 2634 2111 2686 inferi
2152 2653 2263 2686 non
2303 2634 2561 2702 praevale-

515 2706 650 2758 bunt
690 2707 810 2759 tibi.
884 2707 1056 2761 Portae
1095 2708 1258 2760 inferi
1298 2711 1470 2777 portae
1510 2707 1706 2760 mortis
1747 2712 1902 2770 sunt3
1945 2712 2118 2776 portae
2159 2711 2339 2760 autem
2367 2708 2560 2761 mortis

514 2784 687 2848 portae
727 2781 979 2834 Ecclesiae
1021 2801 1133 2836 esse
1172 2801 1286 2835 non
1325 2785 1608 2851 possunt.»

662 2854 714 2908 S.
760 2856 951 2910 Brmzo
991 2857 1293 2927 Episcopus
1316 2855 1618 2927 Signiensis
1641 2860 1924 2910 comment.
1944 2856 2000 2908 in
2025 2855 2219 2910 Matth.
2245 2876 2356 2926 cap.
2381 2857 2526 2910 XVl.
2548 2875 2558 2908 :

517 2928 564 2979 T
565 2947 599 2980 u
638 2946 691 2983 es
734 2930 983 2984 Christus
1011 2972 1022 2984 .
1053 2973 1064 2984 .
1096 2974 1107 2985 .
1149 2931 1424 2984 Decuerat
1445 2931 1587 2983 enim
1626 2931 1729 2984 hoc
1767 2930 1986 2984 Petrum
2015 2932 2385 2999 respondisse3
2428 2951 2559 3000 qua—

515 3006 673 3055 tenus
713 3004 827 3072 ipse
867 3010 1006 3059 esset
1047 3006 1300 3075 princeps
1331 3004 1722 3075 Apostolorum
1746 3046 1757 3058 .
1788 3051 1798 3059 .
1831 3046 1842 3057 .
1887 3004 1961 3058 Et
1987 3022 2078 3070 esso
2119 3006 2235 3058 dico
2276 3007 2389 3070 tibi,
2434 3007 2559 3072 qm'a,

516 3081 574 3128 tu
613 3095 667 3130 es
708 3078 924 3143 Petrus,
967 3081 1071 3133 fide
1110 3081 1272 3134 fortis
1313 3084 1367 3134 ct
1406 3080 1656 3133 doct-rina
1695 3079 1918 3133 stabilis,
1999 3077 2120 3131 Nisi
2167 3079 2309 3132 enim
2360 3080 2418 3131 111
2457 3079 2559 3131 1100

516 3150 731 3202 1101111116
769 3153 1159 3207 fortidudinem
1199 3159 1253 3209 et
1280 3155 1633 3208 stabilitatem
1662 3153 1909 3207 Christus
1937 3153 2302 3217 intellixisset‚
2344 3173 2452 3206 11011
2481 3172 2556 3217 ea,

517 3242 635 3291 quae
677 3231 977 3293 sequuntur
1019 3229 1274 3297 protinus
1314 3229 1634 3282 addidisset:
1677 3233 1727 3282 et
1763 3243 1922 3295 super
1959 3228 2093 3280 hanc
2123 3233 2336 3294 petram
2376 3229 2557 3295 aedifi·

517 3297 640 3350 cabo
680 3297 976 3354 Ecclesiam
1016 3321 1196 3358 meam.
1258 3303 1316 3358 Si
1355 3303 1579 3357 Petrum
1616 3322 1729 3356 non
1754 3302 2035 3372 intelligis,
2076 3302 2279 3371 respice
2318 3306 2556 3371 petram:

519 3374 675 3440 petra
712 3377 893 3426 autem
932 3380 1048 3428 erat
1089 3377 1354 3432 Christus.
1434 3376 1522 3431 Sic
1561 3377 1734 3448 igitur
1783 3395 1814 3430 a
1863 3381 2019 3446 petra
2072 3375 2275 3441 Petrus,
2337 3376 2478 3430 sicut
2527 3395 2558 3428 a

519 3443 736 3499 Christo
777 3447 1124 3502 christianus.
1203 3452 1493 3506 Videamus
1533 3452 1734 3521 itaque,
1773 3450 1900 3521 quid
1941 3450 2042 3504 sit:
2111 3455 2159 3503 et
2210 3468 2371 3518 super
2424 3450 2558 3503 hanc

510 3526 722 3586 petram
761 3522 1049 3589 aedificabo
1090 3523 1391 3581 Ecclesiam
1426 3544 1613 3582 meam.
1693 3525 1865 3595 Super
1915 3524 2054 3578 hanc
2100 3528 2337 3594 petram,
2397 3542 2556 3594 quam

517 3598 575 3647 tu
617 3595 776 3649 modo
816 3595 875 3648 in
914 3596 1038 3649 fidei
1065 3597 1477 3655 fundamentum
1502 3600 1763 3672 posuisti3
1804 3617 1965 3669 super
2004 3598 2142 3652 hanc
2181 3599 2357 3664 fidem,
2396 3616 2555 3668 quam

519 3673 579 3722 tu
621 3670 778 3722 modo
818 3670 1049 3724 docuisti
1088 3672 1295 3726 dicens:
1353 3680 1409 3729 tu
1459 3675 1807 3730 es'C'h-ristus
1843 3673 2028 3727 Filius
2068 3672 2172 3727 Dei
2209 3673 2346 3739 vivi5
2394 3689 2556 3741 super
