2612 4062
423 241 530 293 246

425 404 678 457 perorare
718 384 953 437 solebat:
997 385 1282 452 praetextu
1324 382 1687 451 respondendi
1727 383 1794 436 ad
1833 382 2183 452 objectioneS,
2226 414 2293 423 --
2335 403 2472 454 quae

425 461 514 513 vix
554 478 793 528 unquam
832 456 1240 526 responsionem
1277 456 1569 526 accipiunt,
1614 488 1680 496 —
1721 458 1813 511 sed
1852 476 1910 510 re
1949 475 2090 522 vera,
2131 476 2223 526 spe
2262 458 2474 512 schema

429 534 632 597 tuendi,
675 531 1010 602 argumentis
1041 530 1412 615 undecumque
1434 531 1708 601 quaesitis,
1749 532 1932 601 sicque
1959 531 2070 583 vim
2109 532 2469 600 objectionum

427 608 700 662 minuendi
728 626 813 659 eas
846 605 999 675 quasi
1031 605 1411 674 responsiones
1439 609 1642 670 1138138,
1664 606 1897 660 incautis
1930 605 2246 659 exhibendo.
2287 605 2473 660 Prius—

427 701 586 753 quam
638 682 704 734 ad
755 679 1014 750 suffragia
1068 679 1374 748 provisoria
1413 683 1635 733 ventum
1686 680 1784 745 sit,
1843 699 1961 734 cum
2000 698 2193 749 nempe
2231 680 2476 751 singulae

428 756 826 810 emendationes
865 774 895 807 a
934 754 1210 807 nonnullis
1239 753 1504 823 episcopis
1532 755 1761 820 oblatae,
1803 755 1981 824 palam
2020 754 2295 825 suffragiis
2331 773 2475 808 com-

428 831 803 894 mitterentur,
858 829 1101 882 ascendit
1149 829 1432 881 ambonem
1485 848 1625 882 unus
1678 847 1742 881 ex
1781 828 2151 899 deputationis
2192 829 2474 898 episcopiS,

429 905 520 974 qui
573 905 776 957 dicitur
815 904 1058 967 Relator,
1101 906 1162 956 ut
1201 903 1456 956 Patribus
1497 903 1776 958 intimaret
1815 903 1944 973 quid
1983 903 2047 955 de
2085 903 2206 956 istis
2246 903 2477 974 singulis

428 979 892 1033 emendationibus
920 978 1217 1047 Deputatio
1258 978 1487 1040 sentiat3
1527 977 1750 1047 adjectis
1790 978 1855 1030 ad
1884 977 2127 1048 singulas
2153 978 2240 1030 his
2267 978 2474 1030 verbis:

431 1055 603 1107 «hanc
643 1053 1069 1106 emendationem
1109 1052 1405 1120 Deputatio
1457 1051 1746 1106 admittit»
1791 1083 1858 1091 —
1899 1055 1994 1105 aut
2037 1051 2313 1121 «rejicit»,
2363 1055 2475 1116 aut,

432 1129 608 1182 «facta
660 1128 882 1196 aliquali
934 1127 1238 1180 mutatione
1289 1126 1523 1190 verbali,
1583 1126 1972 1180 admittendam
2019 1130 2251 1179 censet.»
2345 1125 2477 1179 Post

429 1203 640 1256 finitam
688 1202 1008 1254 relationem
1060 1200 1407 1254 Reverendus
1459 1200 1725 1254 Dominus
1767 1199 2198 1254 Subsecretarius
2251 1199 2478 1253 Concilii

430 1277 692 1347 proponit
711 1277 1111 1329 emendationes
1153 1275 1474 1346 singillatim
1515 1275 1790 1346 suffragiis
1829 1293 2054 1328 numero
2089 1274 2478 1328 emendationis

431 1352 687 1415 indicatO,
731 1355 784 1405 et
825 1351 1012 1420 primis
1053 1352 1165 1419 ejus
1206 1351 1383 1403 verbis
1422 1349 1665 1403 recitatis
1693 1381 1760 1388 -—
1788 1349 2146 1403 hoccemodo:
2190 1380 2256 1387 --
2289 1350 2479 1402 «Hanc

430 1427 841 1480 emendationem
891 1425 1185 1492 Depatatio
1238 1425 1478 1478 admittit
1491 1445 1508 1490 ,·
1549 1456 1615 1463 --
1655 1426 1858 1493 rejicit,
1916 1429 2010 1477 aut
2061 1425 2138 1478 sic
2191 1425 2476 1490 modificat.

436 1500 624 1554 Omnes
663 1503 755 1568 qui
795 1519 908 1554 eam
948 1501 1333 1554 admittendam
1373 1504 1591 1564 censent,
1637 1514 1905 1552 SURGANT:
1948 1499 2137 1552 deinde
2178 1529 2245 1537 —
2293 1498 2480 1551 Omnes

430 1578 522 1644 qui·
562 1594 676 1628 eam
714 1577 1059 1644 rejiciendam
1099 1580 1319 1638 censent,
1362 1588 1618 1627 SURGANT.
1682 1573 1902 1643 Semper
1943 1574 2178 1644 contigit
2204 1577 2266 1627 ut
2291 1572 2479 1626 Patres

433 1651 704 1721 surgendo
756 1669 1031 1703 assensum
1086 1649 1385 1703 sententiae
1424 1648 1811 1719 Deputationis
1850 1648 2217 1717 praebuerint.
2296 1647 2478 1701 Primo

434 1726 648 1794 quidem
706 1725 790 1776 die
846 1724 1255 1795 suffragiorum,
1317 1742 1437 1777 cum
1489 1723 1732 1792 quaestio
1786 1726 1924 1776 esset
1982 1723 2072 1775 de'
2102 1722 2267 1776 tertia
2324 1726 2480 1791 parte

434 1800 638 1870 primae
678 1799 1086 1863 emendationiS,
1126 1799 1358 1851 nondum
1391 1798 1635 1852 adhibita
1660 1798 1981 1851 ‘indicatione
2007 1816 2040 1850 a
2069 1796 2479 1858 SubseeretariO,

435 1876 625 1927 deinde
663 1893 867 1942 semper
914 1875 1087 1940 faeta,
1143 1874 1326 1942 plures
1384 1872 1749 1935 surrexerint,
1799 1872 1928 1924 adeo
1982 1875 2044 1924 ut
2084 1890 2298 1924 necesse
2337 1871 2480 1924 foret

435 1969 719 2002 numerum
758 1949 1098 2019 surgentium
1139 1967 1344 2017 capere,
1386 1951 1448 2001 ut
1489 1950 1764 2000 constaret
1805 1946 1868 1999 de
1908 1946 2200 2016 suffragiis
2280 1945 2479 2015 Magna

435 2024 626 2076 deinde
666 2024 913 2076 confusio
955 2027 1143 2075 exorta
1182 2026 1289 2086 est,
1332 2025 1387 2075 et
1425 2021 1532 2074 ista
1569 2021 1871 2074 emendatio
1902 2051 1969 2058 —-
1997 2022 2239 2090 quamvis
2277 2022 2479 2089 majore

436 2099 618 2151 forsan
678 2117 903 2150 numero
958 2098 1033 2149 sic
1079 2101 1354 2165 acceptata
1397 2128 1463 2135 —-
1505 2095 1563 2148 in
1623 2096 1917 2149 crastinum
1970 2095 2104 2148 diem
2159 2094 2328 2148 dilata
2379 2098 2477 2147 est.

438 2173 661 2226 Postero
710 2172 795 2225 die
834 2172 1331 2224 Reverendissimus
1371 2171 1596 2224 Relator
1646 2188 1708 2222 ex
1755 2171 1983 2223 ambone
2021 2169 2210 2224 Patres
2249 2169 2478 2232 monuit,

436 2248 846 2316 deputationem
897 2247 1324 2300 emendationem
1370 2246 1533 2298 istam
1571 2245 1855 2298 admittere
1894 2245 2055 2298 nolle.
2136 2243 2330 2297 Omnes
2369 2243 2480 2295 fere

437 2341 552 2374 eam
592 2322 938 2392 rejiciendam
977 2321 1248 2390 surgendo
1290 2321 1475 2374 statim
1515 2319 1799 2382 dixerunt3
1859 2319 2168 2389 perpauciS,
2212 2350 2278 2356 ——
2320 2321 2382 2370 ut
2420 2317 2480 2369 in

437 2396 601 2450 simili
658 2415 840 2449 rerum
895 2366 1203 2449 conditione
1262 2395 1475 2447 evenire
1533 2413 1630 2464 par
1688 2398 1794 2458 est,
1853 2424 1918 2431 -
1971 2393 2142 2464 magis
2193 2392 2259 2445 ad
2310 2391 2478 2444 animi

438 2471 800 2524 ostensionem
857 2490 1019 2540 quam
1076 2488 1169 2539 spe
1222 2470 1425 2532 ductiS,
1486 2488 1601 2521 eam
1653 2435 2043 2522 admittendam
2094 2467 2477 2520 indicantibus

439 2545 527 2598 Sic
566 2545 861 2614 Deputatio
916 2549 997 2599 est
1037 2562 1222 2597 revera
1262 2544 1595 2605 Concilium3
1649 2543 1791 2610 quod
1830 2544 1895 2595 ab
1935 2545 2048 2612 ejus
2086 2546 2226 2595 nutu
2263 2541 2478 2610 pendet,

437 2621 656 2689 ejusque
718 2619 1012 2672 dictamina
1074 2618 1131 2670 in
1193 2619 1440 2670 omnibus
1498 2617 1758 2685 sequitur.
1855 2616 2151 2685 Deputatio
2210 2619 2390 2668 autem
2449 2634 2479 2666 a

437 2695 710 2764 theologis
768 2694 1052 2764 dirigitur,
1113 2693 1304 2745 saltem
1362 2710 1422 2744 eo
1477 2710 1637 2743 sensu
1695 2690 1839 2759 quod
1897 2708 2083 2743 eorum
2134 2690 2335 2758 placita
2384 2708 2479 2741 sua

437 2769 618 2827 faciat.
684 2769 750 2821 In
791 2768 1051 2821 concione
1083 2768 1148 2819 ab
1184 2786 1293 2819 uno
1334 2785 1398 2818 ex
1424 2764 1904 2818 Reverendissimis
1930 2764 2277 2817 Relatoribus
2302 2782 2477 2832 nuper

437 2845 609 2907 facta,
675 2843 819 2895 inter
878 2842 1061 2895 hostes
1121 2839 1349 2894 Sanctae
1408 2839 1558 2892 Sedis
1621 2839 1965 2892 annumerati
2027 2842 2155 2891 sunt
2213 2837 2477 2891 Catholici

438 2918 703 2981 liberales,
746 2917 989 2986 quamvis
1029 2917 1144 2985 ipse
1172 2915 1415 2978 Relator,
1447 2945 1513 2952 —
1544 2914 1637 2983 qui
1675 2916 1742 2966 ad
1780 2919 1998 2984 gentem
2038 2912 2319 2966 servitutis
2358 2931 2477 2965 sex-

439 2996 721 3045 centorum
760 3010 1027 3044 annorum
1065 2990 1240 3043 adhuc
1280 2989 1652 3058 impatientem
1689 2988 1948 3057 pertine,t
1994 3019 2058 3025 -—
2100 2988 2234 3040 bene
2261 2988 2478 3040 noverit

413 3067 582 3119 -inter
636 3067 917 3136 episcopos
970 3064 1263 3118 nonnullos
1322 3082 1433 3117 esse
1481 3063 1574 3133 qui
1626 3081 1687 3115 eo
1737 3061 1954 3115 nomine
2013 3061 2194 3115 venire
2251 3062 2475 3124 soleant,

438 3140 581 3208 quod
632 3144 884 3194 censeant
932 3138 1155 3208 aliquod
1212 3138 1329 3190 dari
1377 3157 1532 3207 posse
1583 3136 1814 3190 medium
1870 3135 2016 3191 inter
2066 3136 2474 3192 absolutismum

438 3218 492 3267 et
528 3214 803 3269 licentiam
841 3218 1151 3268 extremam.
