2722 4146
2156 325 2224 378 85

186 458 454 528 adjunctis
495 460 642 515 illius
682 461 912 515 Concilii
951 466 1238 521 celebratio
1275 468 1528 522 canonica
1568 474 1622 524 et
1658 468 1903 539 legitima
1929 468 1987 522 in
2014 469 2225 540 Spiritu

187 538 373 586 sancto
414 534 596 601 fuerit,
637 541 690 590 et
732 540 923 590 contra
963 558 1145 594 omnes
1187 561 1414 595 canones
1455 544 1557 595 illi.
1577 544 1805 614 egerint,
1849 544 1942 613 qui
1981 545 2047 598 ad
2085 564 2226 598 oecu-

186 607 454 660 menicum
492 610 807 674 Concilium,
850 613 1069 666 unicum
1118 618 1365 680 medium,
1419 636 1524 686 quo
1573 619 1862 671 tolleretur
1901 618 2131 672 schisma
2171 624 2225 674 et

185 681 566 751 pacificaretur
605 685 846 738 Ecclesia
885 686 1001 750 Dei,
1045 692 1332 743 convenire
1371 691 1436 743 ab
1475 692 1636 745 initio
1677 692 1990 746 noluerunt.

336 757 596 811 Praeterea
636 760 945 812 obedientia
985 761 1238 833 Gregorii
1276 765 1397 819 XII.
1439 769 1653 818 tantum
1703 766 1759 818 in
1800 767 2035 819 sessione
2073 766 2220 820 XIV.

185 848 298 883 sese
352 832 531 885 univit
564 832 828 903 Concilio
881 839 1223 902 oecumenico,
1280 843 1334 892 et
1386 840 1691 892 obedientia
1741 839 2020 894 Benedicti
2071 841 2222 894 XIII.

184 905 384 973 partim
423 908 659 960 sessione
697 907 870 962 XXII.
915 912 1089 978 quoad
1129 931 1358 982 regnum
1397 912 1705 982 Aragoniae,
1747 915 1947 982 partim
1987 915 2224 968 sessione

183 979 401 1033 XXXV.
457 982 631 1050 quoad
682 1001 912 1052 regnum
963 983 1221 1039 Castellae.
1302 987 1374 1040 Et
1413 991 1594 1039 tamen
1636 1006 1818 1040 omnes
1871 993 2225 1058 susceperunt

184 1054 581 1108 damnationem
651 1074 898 1109 errorum
958 1058 1170 1112 Wiclefi
1237 1061 1434 1113 factam
1507 1062 1742 1114 sessione
1798 1061 1998 1126 VIII,
2040 1083 2223 1116 omnes

183 1129 615 1183 acclamaverunt
655 1131 987 1199 depositioni
1015 1133 1242 1187 Joannis
1278 1134 1478 1187 XXIII.
1530 1136 1673 1188 facta
1712 1137 1769 1188 in
1808 1137 2043 1190 sessione
2080 1137 2223 1202 XII„

185 1220 367 1254 omnes
388 1203 605 1257 decreto
629 1205 692 1256 de
714 1207 1090 1260 communione
1119 1210 1215 1261 sub
1245 1210 1403 1261 unica
1429 1210 1604 1278 specie
1630 1210 1773 1263 facto
1796 1210 2032 1263 sessione
2052 1211 2223 1276 XIII.‚

183 1275 623 1330 Orthodoxorum
686 1298 844 1332 nemo
897 1281 1183 1351 derogavit
1244 1283 1626 1336 auctoritatem
1678 1284 1931 1337 sessionis
1971 1285 2108 1348 XV.‚
2164 1286 2222 1338 in

182 1369 286 1419 qua
325 1351 563 1405 damnati
604 1372 812 1406 errores
854 1358 907 1407 et
946 1374 1176 1423 persona
1213 1357 1444 1410 Joannis
1483 1357 1617 1420 HuS,
1671 1376 1769 1410 nec
1809 1359 2035 1411 sessioni
2075 1359 2219 1413 XXI.

180 1425 434 1478 adversus
485 1426 879 1495 Hieronymum
930 1430 993 1481 de
1044 1430 1233 1500 Praga.
1324 1432 1395 1485 Et
1449 1431 1717 1484 Martinus
1757 1431 1824 1487 V.
1880 1433 2222 1504 interrogare

173 1500 328 1566 jubet
368 1505 644 1569 suspectos
686 1502 749 1553 de
788 1503 1006 1555 haeresi:
1053 1505 1285 1557 «Utrum
1326 1507 1522 1569 credat,
1565 1506 1706 1574 quod
1748 1507 2220 1560 condemnationes

180 1573 410 1627 Joannis
449 1574 681 1640 Wiclefi,
723 1576 950 1630 Joannis
990 1577 1106 1631 Hus
1143 1583 1202 1632 'et
1241 1579 1564 1648 Hieronymi
1612 1581 1675 1631 de
1714 1580 1906 1650 Praga,
1961 1582 2118 1634 factae
2158 1583 2221 1634 de

180 1649 424 1717 personis
465 1668 666 1714 eorum,
708 1651 863 1704 libris
904 1656 956 1704 et
996 1653 1330 1706 documentis
1381 1672 1476 1723 per
1528 1672 1735 1707 sacrum
1789 1656 2030 1722 yenerale
2089 1654 2221 1708 Con-

179 1725 467 1777 stcmtiensc
510 1723 809 1779 Concilium
867 1726 1071 1779 fuerint
1128 1727 1234 1780 rite
1292 1732 1346 1781 et
1394 1731 1541 1797 juste
1581 1729 1753 1791 factae,
1817 1732 1871 1782 et
1908 1748 1939 1781 a
1978 1731 2220 1798 quolibet

180 1798 444 1851 catholico
485 1818 584 1867 pro
624 1800 824 1852 talibus
863 1801 1111 1853 tenendae
1151 1806 1205 1853 et
1247 1803 1478 1855 firmiter
1505 1803 1815 1855 asserendae.
1870 1803 2009 1855 Item
2035 1807 2222 1857 utrum

180 1872 385 1936 credat,
447 1874 587 1942 quod
650 1875 984 1927 consuetudo
1046 1876 1474 1928 communicandi
1529 1895 1787 1945 personas
1846 1877 2061 1930 laicalas
2121 1880 2218 1931 sub

179 1946 350 2015 specie
406 1948 561 2016 panis
617 1952 849 2011 tantum,
910 1950 976 2001 ab
1027 1950 1264 2002 Ecclesia
1323 1950 1613 2002 universali
1673 1954 1957 2004 observata
2013 1955 2066 2005 et
2123 1971 2219 2021 per

179 2039 389 2073 sacrum
429 2021 730 2074 Concilium
759 2023 1175 2076 Constantiense
1201 2026 1518 2093 approbata,
1562 2025 1633 2077 sit
1659 2026 1919 2077 servanda
1946 2026 2037 2090 sic,
2074 2027 2218 2095 quod

180 2113 289 2147 non
347 2095 507 2149 liceat
566 2115 682 2148 eam
739 2099 1030 2165 reprobare
1072 2138 1083 2149 .
1126 2139 1136 2149 .
1182 2142 1191 2151 .
1255 2102 1308 2151 et
1367 2099 1510 2167 quod
1567 2099 1804 2151 dicentes
1868 2100 2220 2167 pertinaciter

181 2169 494 2238 oppositum
532 2171 933 2238 praemissorum
971 2177 1228 2241 tanquam
1267 2172 1511 2226 haeretici
1551 2174 1635 2225 vel
1675 2173 1946 2242 sapientes
1973 2175 2219 2227 1100103110

179 2244 291 2297 sint
330 2245 550 2296 arcendi
590 2249 644 2297 et
682 2246 994 2313 puniendi.»

326 2318 473 2388 Ergo
514 2319 780 2387 quomodo
820 2319 879 2370 in
919 2320 1001 2372 his
1042 2319 1374 2372 sessionibus
1412 2321 1655 2373 absentia
1707 2322 1923 2374 illarum
1964 2320 2217 2391 Gregorii

178 2395 232 2445 et
271 2391 550 2445 Benedicti
591 2393 1018 2446 obedientiarum
1044 2413 1157 2446 non
1195 2395 1493 2463 impedivit,
1524 2396 1811 2464 quominus
1840 2401 1895 2449 et
1920 2396 2218 2449 Concilium

178 2470 317 2518 esset
355 2467 619 2536 generale,
662 2471 715 2520 et
755 2467 968 2520 decreta
1010 2469 1295 2530 canonica;
1337 2469 1542 2536 pariter
1582 2488 1694 2521 non
1722 2473 1903 2537 potest
1942 2470 2215 2538 impedire,

178 2540 467 2609 quominus
506 2545 562 2593 et
599 2541 656 2592 in
698 2541 934 2593 sessione
974 2541 1069 2593 IV.
1113 2545 1165 2593 et
1205 2542 1268 2595 V.
1296 2542 1597 2594 Concilium
1637 2546 1775 2595 esset
1814 2544 2214 2608 oecumenicum,

177 2623 230 2666 et
270 2615 497 2678 decreta,
540 2633 658 2684 quae
697 2615 1061 2668 conciliariter
1101 2616 1325 2669 fuerunt
1364 2616 1418 2668 in
1449 2616 1523 2669 013
1564 2617 1707 2669 edita
1748 2621 1803 2670 et
1842 2618 2065 2682 sancita,
2102 2637 2214 2671 non

176 2688 292 2742 sint
331 2689 604 2742 canonica.

327 2765 387 2815 3⁰
426 2762 694 2816 Praeterea
732 2763 791 2815 in
818 2763 1054 2816 sessione
1079 2763 1210 2828 XL.,
1252 2764 1463 2833 quando
1502 2783 1686 2817 01111103
1715 2765 2033 2818 obedientiae
2060 2768 2214 2818 erant

175 2837 361 2901 unit-ae,
416 2837 525 2890 fuit
577 2837 783 2890 editum
835 2838 1140 2890 decretum:
1214 2838 1604 2891 «Sacrosancta
1654 2839 1920 2908 generalis
1975 2839 2212 2907 synodus

177 2910 605 2965 Constantiensis
646 2912 705 2963 in
745 2910 954 2980 Spiritu
983 2916 1170 2964 sancto
1198 2913 1436 2982 legitime
1473 2917 1815 2982 congregata,
1856 2912 2210 2964 universalem

176 2985 469 3038 Ecclesiam
525 2990 933 3054 repraesentanS,
994 2987 1206 3050 statuit,
1267 2987 1521 3049 decernit,
1583 2987 1726 3054 quod
1782 2986 2000 3038 futurus
2051 2986 2207 3039 Rom.

175 3059 429 3112 Pontifex
467 3079 564 3129 per
603 3060 704 3112 Dei
743 3060 977 3129 gratiam
1016 3060 1078 3112 de
1118 3060 1363 3128 proximo
1405 3060 1750 3111 assumendus
1792 3078 1910 3111 cum
1936 3060 2038 3112 hoc
2057 3079 2208 3113 sacro

177 3133 415 3186 Concilio
465 3136 550 3186 vel
603 3134 897 3202 deputandi
938 3153 1032 3203 per
1073 3134 1314 3204 singulas
1366 3134 1612 3186 nationes
1653 3134 1879 3185 debeant
1915 3135 2209 3186 reformare

176 3206 471 3259 Ecclesiam
526 3209 585 3260 in
647 3208 822 3277 capite
881 3213 934 3262 et
993 3208 1051 3259 in
1108 3209 1358 3260 membris
1401 3249 1412 3260 .
1457 3251 1466 3261 .
1512 3251 1522 3262 .
1583 3225 1741 3276 super
1779 3208 2036 3272 1001301113,
2090 3227 2207 3278 quae

177 3284 526 3348 sequuntur.»
1168 3326 1171 3328 ,

323 3353 612 3407 Ponuntur
651 3355 728 3408 ibi
773 3361 836 3410 18
876 3355 1106 3419 articuli,
1149 3356 1207 3408 in
1234 3356 1425 3426 quibus
1446 3354 1684 3406 Ecclesia
1711 3359 1826 3408 erat
1845 3356 2204 3420 reformanda,

179 3430 234 3480 et
270 3427 330 3479 in
368 3428 598 3482 articulo
637 3428 787 3482 XIII.
828 3431 932 3484 ita:
979 3428 1241 3498 «Propter
1281 3447 1397 3497 quae
1436 3432 1491 3481 et
1542 3429 1806 3496 quomodo
1847 3430 1995 3499 Papa
2033 3431 2205 3498 possit

179 3501 379 3570 corrigi
418 3506 472 3554 et
523 3503 790 3572 deponi?»
881 3505 1008 3566 Quae
1061 3504 1238 3555 omnia
1289 3502 1664 3555 innitebantur
1717 3504 1945 3557 decretis
1998 3507 2202 3572 quartae

179 3580 233 3628 et
271 3575 474 3643 quintae
513 3577 779 3630 3033101113.
857 3578 1009 3630 Licet
1047 3581 1234 3645 postea
1274 3577 1330 3628 in
1370 3576 1756 3630 reformatione
1806 3578 1950 3630 facta
1988 3596 2018 3629 a
2056 3576 2201 3628 Mar-

178 3649 298 3702 tino
338 3648 404 3702 V.
460 3649 600 3702 circa
650 3651 795 3704 hunc
843 3651 1132 3704 articulum
1181 3650 1319 3702 nihil
1369 3650 1497 3702 novi
1536 3654 1801 3704 statutum
1840 3651 2022 3714 fuerit,
2076 3651 2201 3719 quia

178 3726 241 3780 ut
278 3741 341 3778 ex
381 3724 648 3781 codicibus
686 3723 1073 3799 Manuscriptis
1111 3723 1521 3782 vindobonensi
1566 3743 1626 3783 ac
1665 3724 1916 3784 Gothano
1956 3725 2200 3782 restituit
