<?xml version="1.0" encoding="UTF-8"?>
<!DOCTYPE html PUBLIC "-//W3C//DTD XHTML 1.0 Transitional//EN"
    "http://www.w3.org/TR/xhtml1/DTD/xhtml1-transitional.dtd">
<html xmlns="http://www.w3.org/1999/xhtml" xml:lang="en" lang="en">
 <head>
  <title>
</title>
<meta http-equiv="Content-Type" content="text/html;charset=utf-8" />
  <meta name='ocr-system' content='tesseract 3.04.00' />
  <meta name='ocr-capabilities' content='ocr_page ocr_carea ocr_par ocr_line ocrx_word'/>
</head>
<body>
  <div class='ocr_page' id='page_1' title='image "./a582484600frieuoft_0019.png"; bbox 0 0 2722 4146; ppageno 0'>
   <div class='ocr_carea' id='block_1_1' title="bbox 2270 289 2300 336">
    <p class='ocr_par' dir='ltr' id='par_1_1' title="bbox 2270 289 2300 336">
     <span class='ocr_line' id='line_1_1' title="bbox 2270 289 2300 336; baseline 0 0"><span class='ocrx_word' id='word_1_1' title='bbox 2270 289 2300 336; x_wconf 87' lang='lat'><strong>7</strong></span> 
     </span>
    </p>
   </div>
   <div class='ocr_carea' id='block_1_2' title="bbox 249 430 2304 3762">
    <p class='ocr_par' dir='ltr' id='par_1_2' title="bbox 255 430 2302 1018">
     <span class='ocr_line' id='line_1_2' title="bbox 259 430 2302 500; baseline -0.001 -13"><span class='ocrx_word' id='word_1_2' title='bbox 259 432 548 499; x_wconf 73' lang='lat' dir='ltr'>aedificabo</span> <span class='ocrx_word' id='word_1_3' title='bbox 588 431 883 485; x_wconf 75' lang='lat' dir='ltr'><em>Ecclesiam</em></span> <span class='ocrx_word' id='word_1_4' title='bbox 923 448 1104 495; x_wconf 79' lang='lat' dir='ltr'>meam,</span> <span class='ocrx_word' id='word_1_5' title='bbox 1145 430 1500 500; x_wconf 85' lang='lat' dir='ltr'>intelligenda</span> <span class='ocrx_word' id='word_1_6' title='bbox 1552 449 1665 484; x_wconf 90' lang='lat' dir='ltr'>esse</span> <span class='ocrx_word' id='word_1_7' title='bbox 1704 430 1768 483; x_wconf 91' lang='lat' dir='ltr'>de</span> <span class='ocrx_word' id='word_1_8' title='bbox 1807 431 1928 494; x_wconf 91' lang='lat' dir='ltr'>fide,</span> <span class='ocrx_word' id='word_1_9' title='bbox 1970 450 2130 500; x_wconf 88' lang='lat' dir='ltr'>quam</span> <span class='ocrx_word' id='word_1_10' title='bbox 2171 450 2302 484; x_wconf 90' lang='lat' dir='ltr'>con-</span> 
     </span>
     <span class='ocr_line' id='line_1_3' title="bbox 257 504 2298 573; baseline -0.001 -12"><span class='ocrx_word' id='word_1_11' title='bbox 257 508 429 561; x_wconf 85' lang='lat' dir='ltr'>fessus</span> <span class='ocrx_word' id='word_1_12' title='bbox 469 507 646 559; x_wconf 88' lang='lat' dir='ltr'>fuerat</span> <span class='ocrx_word' id='word_1_13' title='bbox 698 504 934 567; x_wconf 72' lang='lat' dir='ltr'>PetruS,&#39;</span> <span class='ocrx_word' id='word_1_14' title='bbox 967 508 1030 558; x_wconf 88' lang='lat' dir='ltr'>ut</span> <span class='ocrx_word' id='word_1_15' title='bbox 1080 504 1286 558; x_wconf 88' lang='lat' dir='ltr'>scilicet</span> <span class='ocrx_word' id='word_1_16' title='bbox 1335 504 1449 558; x_wconf 85' lang='lat' dir='ltr'>haec</span> <span class='ocrx_word' id='word_1_17' title='bbox 1488 504 1636 567; x_wconf 89' lang='lat' dir='ltr'>fides,</span> <span class='ocrx_word' id='word_1_18' title='bbox 1690 505 1805 556; x_wconf 83' lang='lat' dir='ltr'>haec</span> <span class='ocrx_word' id='word_1_19' title='bbox 1850 505 2116 573; x_wconf 85' lang='lat' dir='ltr'><strong>professio</strong></span> <span class='ocrx_word' id='word_1_20' title='bbox 2157 506 2298 570; x_wconf 88' lang='lat' dir='ltr'>fidei,</span> 
     </span>
     <span class='ocr_line' id='line_1_4' title="bbox 259 578 2299 652; baseline -0.001 -18"><span class='ocrx_word' id='word_1_21' title='bbox 259 601 364 652; x_wconf 88' lang='lat' dir='ltr'>qua</span> <span class='ocrx_word' id='word_1_22' title='bbox 419 580 682 634; x_wconf 91' lang='lat' dir='ltr'>credimus</span> <span class='ocrx_word' id='word_1_23' title='bbox 741 578 1017 632; x_wconf 76' lang='lat' dir='ltr'>Christum</span> <span class='ocrx_word' id='word_1_24' title='bbox 1076 597 1189 631; x_wconf 86' lang='lat' dir='ltr'>esse</span> <span class='ocrx_word' id='word_1_25' title='bbox 1241 579 1418 631; x_wconf 82' lang='lat' dir='ltr'>filium</span> <span class='ocrx_word' id='word_1_26' title='bbox 1466 578 1567 642; x_wconf 75' lang='lat' dir='ltr'>Dei</span> <span class='ocrx_word' id='word_1_27' title='bbox 1625 578 1750 641; x_wconf 89' lang='lat' dir='ltr'>vivi,</span> <span class='ocrx_word' id='word_1_28' title='bbox 1811 578 1885 630; x_wconf 77' lang='lat' dir='ltr'>sit</span> <span class='ocrx_word' id='word_1_29' title='bbox 1943 582 2204 632; x_wconf 77' lang='lat' dir='ltr'>aeternum</span> <span class='ocrx_word' id='word_1_30' title='bbox 2245 584 2299 633; x_wconf 92' lang='lat' dir='ltr'>et</span> 
     </span>
     <span class='ocr_line' id='line_1_5' title="bbox 258 652 2300 722; baseline -0 -14"><span class='ocrx_word' id='word_1_31' title='bbox 258 655 529 708; x_wconf 81' lang='lat' dir='ltr'>immobile</span> <span class='ocrx_word' id='word_1_32' title='bbox 594 654 1010 706; x_wconf 86' lang='lat' dir='ltr'>fundamentum</span> <span class='ocrx_word' id='word_1_33' title='bbox 1073 652 1344 705; x_wconf 76' lang='lat' dir='ltr'>Ecclesiae.</span> <span class='ocrx_word' id='word_1_34' title='bbox 1452 653 1525 704; x_wconf 90' lang='lat' dir='ltr'>Et</span> <span class='ocrx_word' id='word_1_35' title='bbox 1594 653 1708 706; x_wconf 87' lang='lat' dir='ltr'>haec</span> <span class='ocrx_word' id='word_1_36' title='bbox 1771 653 2158 722; x_wconf 74' lang='lat' dir='ltr'>interpretatio</span> <span class='ocrx_word' id='word_1_37' title='bbox 2218 658 2300 707; x_wconf 89' lang='lat' dir='ltr'>est</span> 
     </span>
     <span class='ocr_line' id='line_1_6' title="bbox 258 726 2301 798; baseline -0 -17"><span class='ocrx_word' id='word_1_38' title='bbox 258 729 497 782; x_wconf 88' lang='lat' dir='ltr'>omnium</span> <span class='ocrx_word' id='word_1_39' title='bbox 550 729 713 798; x_wconf 75' lang='lat' dir='ltr'>longe</span> <span class='ocrx_word' id='word_1_40' title='bbox 766 728 1075 790; x_wconf 80' lang='lat' dir='ltr'>solemnior,</span> <span class='ocrx_word' id='word_1_41' title='bbox 1128 746 1287 796; x_wconf 90' lang='lat' dir='ltr'>quam</span> <span class='ocrx_word' id='word_1_42' title='bbox 1339 730 1642 795; x_wconf 87' lang='lat' dir='ltr'>sequuntur</span> <span class='ocrx_word' id='word_1_43' title='bbox 1695 726 1885 779; x_wconf 87' lang='lat' dir='ltr'>Patres</span> <span class='ocrx_word' id='word_1_44' title='bbox 1944 726 2301 797; x_wconf 74' lang='lat' dir='ltr'>doctoresque</span> 
     </span>
     <span class='ocr_line' id='line_1_7' title="bbox 257 799 2299 872; baseline -0.001 -16"><span class='ocrx_word' id='word_1_45' title='bbox 257 803 617 872; x_wconf 86' lang='lat' dir='ltr'>quadraginta</span> <span class='ocrx_word' id='word_1_46' title='bbox 657 809 890 871; x_wconf 86' lang='lat' dir='ltr'>quatuor</span> <span class='ocrx_word' id='word_1_47' title='bbox 919 805 973 854; x_wconf 88' lang='lat' dir='ltr'>et</span> <span class='ocrx_word' id='word_1_48' title='bbox 999 801 1144 853; x_wconf 89' lang='lat' dir='ltr'>inter</span> <span class='ocrx_word' id='word_1_49' title='bbox 1172 801 1306 853; x_wconf 90' lang='lat' dir='ltr'>istos</span> <span class='ocrx_word' id='word_1_50' title='bbox 1334 819 1397 852; x_wconf 90' lang='lat' dir='ltr'>ex</span> <span class='ocrx_word' id='word_1_51' title='bbox 1427 799 1650 853; x_wconf 87' lang='lat' dir='ltr'>Oriente</span> <span class='ocrx_word' id='word_1_52' title='bbox 1674 800 1973 871; x_wconf 80' lang='lat' dir='ltr'>Gregorius</span> <span class='ocrx_word' id='word_1_53' title='bbox 2000 799 2299 869; x_wconf 80' lang='lat' dir='ltr'>NyssenuS,</span> 
     </span>
     <span class='ocr_line' id='line_1_8' title="bbox 258 873 2302 945; baseline -0 -16"><span class='ocrx_word' id='word_1_54' title='bbox 258 877 491 945; x_wconf 87' lang='lat' dir='ltr'>Cyrillus</span> <span class='ocrx_word' id='word_1_55' title='bbox 517 876 937 935; x_wconf 79' lang='lat' dir='ltr'>Alexandrinus,</span> <span class='ocrx_word' id='word_1_56' title='bbox 967 875 1402 943; x_wconf 78' lang='lat' dir='ltr'>ChrysostomUS,</span> <span class='ocrx_word' id='word_1_57' title='bbox 1431 875 1890 943; x_wconf 76' lang='lat' dir='ltr'>TheophylactUS,</span> <span class='ocrx_word' id='word_1_58' title='bbox 1917 893 1983 927; x_wconf 90' lang='lat' dir='ltr'>ex</span> <span class='ocrx_word' id='word_1_59' title='bbox 2010 873 2302 929; x_wconf 82' lang='lat' dir='ltr'>Occidente</span> 
     </span>
     <span class='ocr_line' id='line_1_9' title="bbox 255 947 1906 1018; baseline -0.002 -15"><span class='ocrx_word' id='word_1_60' title='bbox 255 950 512 1015; x_wconf 81' lang='lat' dir='ltr'>Hilarius,</span> <span class='ocrx_word' id='word_1_61' title='bbox 553 950 892 1014; x_wconf 87' lang='lat' dir='ltr'>Ambrosius,</span> <span class='ocrx_word' id='word_1_62' title='bbox 934 949 1042 1002; x_wconf 91' lang='lat' dir='ltr'>Leo</span> <span class='ocrx_word' id='word_1_63' title='bbox 1083 948 1173 1012; x_wconf 89' lang='lat' dir='ltr'>M.,</span> <span class='ocrx_word' id='word_1_64' title='bbox 1217 967 1281 1001; x_wconf 91' lang='lat' dir='ltr'>ex</span> <span class='ocrx_word' id='word_1_65' title='bbox 1320 947 1508 1000; x_wconf 87' lang='lat' dir='ltr'>Africa</span> <span class='ocrx_word' id='word_1_66' title='bbox 1547 947 1906 1018; x_wconf 83' lang='lat' dir='ltr'>Augustinus.</span> 
     </span>
    </p>

    <p class='ocr_par' dir='ltr' id='par_1_3' title="bbox 253 1023 2303 1391">
     <span class='ocr_line' id='line_1_10' title="bbox 405 1023 2303 1093; baseline 0 -16"><span class='ocrx_word' id='word_1_67' title='bbox 405 1026 606 1088; x_wconf 80' lang='lat' dir='ltr'>Quarta</span> <span class='ocrx_word' id='word_1_68' title='bbox 646 1023 1031 1093; x_wconf 82' lang='lat' dir='ltr'>interpretatio</span> <span class='ocrx_word' id='word_1_69' title='bbox 1072 1023 1281 1084; x_wconf 86' lang='lat' dir='ltr'>asserit,</span> <span class='ocrx_word' id='word_1_70' title='bbox 1323 1024 1486 1074; x_wconf 87' lang='lat' dir='ltr'>verba</span> <span class='ocrx_word' id='word_1_71' title='bbox 1525 1023 1642 1074; x_wconf 85' lang='lat' dir='ltr'>illa:</span> <span class='ocrx_word' id='word_1_72' title='bbox 1703 1040 1883 1088; x_wconf 80' lang='lat' dir='ltr'>super.</span> <span class='ocrx_word' id='word_1_73' title='bbox 1911 1023 2045 1076; x_wconf 73' lang='lat' dir='ltr'>hanc</span> <span class='ocrx_word' id='word_1_74' title='bbox 2093 1029 2303 1091; x_wconf 78' lang='lat' dir='ltr'>petram</span> 
     </span>
     <span class='ocr_line' id='line_1_11' title="bbox 255 1097 2302 1168; baseline -0 -16"><span class='ocrx_word' id='word_1_75' title='bbox 255 1100 541 1166; x_wconf 69' lang='lat' dir='ltr'>aedeficabo</span> <span class='ocrx_word' id='word_1_76' title='bbox 583 1099 878 1152; x_wconf 74' lang='lat' dir='ltr'>Ecclesiam</span> <span class='ocrx_word' id='word_1_77' title='bbox 918 1115 1084 1150; x_wconf 78' lang='lat' dir='ltr'>meam</span> <span class='ocrx_word' id='word_1_78' title='bbox 1123 1097 1478 1166; x_wconf 81' lang='lat' dir='ltr'>intelligenda</span> <span class='ocrx_word' id='word_1_79' title='bbox 1531 1115 1644 1149; x_wconf 88' lang='lat' dir='ltr'>esse</span> <span class='ocrx_word' id='word_1_80' title='bbox 1682 1097 1747 1148; x_wconf 90' lang='lat' dir='ltr'>de</span> <span class='ocrx_word' id='word_1_81' title='bbox 1787 1097 1880 1148; x_wconf 90' lang='lat' dir='ltr'>illa</span> <span class='ocrx_word' id='word_1_82' title='bbox 1919 1101 2091 1166; x_wconf 84' lang='lat' dir='ltr'>petra,</span> <span class='ocrx_word' id='word_1_83' title='bbox 2141 1117 2302 1168; x_wconf 89' lang='lat' dir='ltr'>quam</span> 
     </span>
     <span class='ocr_line' id='line_1_12' title="bbox 256 1170 2301 1235; baseline 0 -9"><span class='ocrx_word' id='word_1_84' title='bbox 256 1175 530 1227; x_wconf 85' lang='lat' dir='ltr'>confessus</span> <span class='ocrx_word' id='word_1_85' title='bbox 571 1174 750 1226; x_wconf 88' lang='lat' dir='ltr'>fuerat</span> <span class='ocrx_word' id='word_1_86' title='bbox 790 1173 1002 1234; x_wconf 75' lang='lat' dir='ltr'>PetruS,</span> <span class='ocrx_word' id='word_1_87' title='bbox 1054 1172 1087 1224; x_wconf 88' lang='lat' dir='ltr'>i.</span> <span class='ocrx_word' id='word_1_88' title='bbox 1132 1190 1174 1223; x_wconf 92' lang='lat' dir='ltr'>e.</span> <span class='ocrx_word' id='word_1_89' title='bbox 1233 1170 1525 1235; x_wconf 84' lang='lat' dir='ltr'>Christum,</span> <span class='ocrx_word' id='word_1_90' title='bbox 1581 1175 1642 1224; x_wconf 91' lang='lat' dir='ltr'>ut</span> <span class='ocrx_word' id='word_1_91' title='bbox 1695 1171 1901 1223; x_wconf 89' lang='lat' dir='ltr'>scilicet</span> <span class='ocrx_word' id='word_1_92' title='bbox 1940 1171 2177 1224; x_wconf 80' lang='lat' dir='ltr'>Ecclesia</span> <span class='ocrx_word' id='word_1_93' title='bbox 2229 1173 2301 1226; x_wconf 91' lang='lat' dir='ltr'>sit</span> 
     </span>
     <span class='ocr_line' id='line_1_13' title="bbox 255 1245 2302 1317; baseline -0 -17"><span class='ocrx_word' id='word_1_94' title='bbox 255 1248 516 1301; x_wconf 85' lang='lat' dir='ltr'>aedificata</span> <span class='ocrx_word' id='word_1_95' title='bbox 556 1266 716 1317; x_wconf 90' lang='lat' dir='ltr'>super</span> <span class='ocrx_word' id='word_1_96' title='bbox 772 1247 1062 1309; x_wconf 88' lang='lat' dir='ltr'>Christ-um,</span> <span class='ocrx_word' id='word_1_97' title='bbox 1124 1250 1178 1298; x_wconf 89' lang='lat' dir='ltr'>et</span> <span class='ocrx_word' id='word_1_98' title='bbox 1230 1245 1368 1298; x_wconf 86' lang='lat' dir='ltr'>hanc</span> <span class='ocrx_word' id='word_1_99' title='bbox 1425 1245 1940 1314; x_wconf 87' lang='lat' dir='ltr'>interpretationem</span> <span class='ocrx_word' id='word_1_100' title='bbox 1999 1250 2302 1315; x_wconf 87' lang='lat' dir='ltr'>sequuntur</span> 
     </span>
     <span class='ocr_line' id='line_1_14' title="bbox 253 1321 1157 1391; baseline -0.002 -17"><span class='ocrx_word' id='word_1_101' title='bbox 253 1321 443 1376; x_wconf 89' lang='lat' dir='ltr'>Patres</span> <span class='ocrx_word' id='word_1_102' title='bbox 485 1323 837 1391; x_wconf 88' lang='lat' dir='ltr'>doctoresque</span> <span class='ocrx_word' id='word_1_103' title='bbox 878 1321 1157 1373; x_wconf 85' lang='lat' dir='ltr'>sexdecim.</span> 
     </span>
    </p>

    <p class='ocr_par' dir='ltr' id='par_1_4' title="bbox 252 1393 2302 1615">
     <span class='ocr_line' id='line_1_15' title="bbox 402 1393 2302 1464; baseline -0.001 -15"><span class='ocrx_word' id='word_1_104' title='bbox 402 1397 604 1459; x_wconf 79' lang='lat' dir='ltr'>Quinta</span> <span class='ocrx_word' id='word_1_105' title='bbox 643 1396 869 1449; x_wconf 87' lang='lat' dir='ltr'>Patrum</span> <span class='ocrx_word' id='word_1_106' title='bbox 907 1395 1293 1464; x_wconf 86' lang='lat' dir='ltr'>interpretatio</span> <span class='ocrx_word' id='word_1_107' title='bbox 1334 1394 1552 1446; x_wconf 90' lang='lat' dir='ltr'>nomine</span> <span class='ocrx_word' id='word_1_108' title='bbox 1600 1393 1775 1447; x_wconf 79' lang='lat' dir='ltr'>Petrae</span> <span class='ocrx_word' id='word_1_109' title='bbox 1832 1394 2097 1464; x_wconf 84' lang='lat' dir='ltr'>intelligit</span> <span class='ocrx_word' id='word_1_110' title='bbox 2137 1395 2302 1447; x_wconf 88' lang='lat' dir='ltr'>etiam</span> 
     </span>
     <span class='ocr_line' id='line_1_16' title="bbox 253 1467 2302 1541; baseline -0.001 -17"><span class='ocrx_word' id='word_1_111' title='bbox 253 1473 399 1541; x_wconf 88' lang='lat' dir='ltr'>ipsos</span> <span class='ocrx_word' id='word_1_112' title='bbox 427 1471 626 1534; x_wconf 62' lang='lat' dir='ltr'>fideles</span> <span class='ocrx_word' id='word_1_113' title='bbox 669 1471 761 1539; x_wconf 85' lang='lat' dir='ltr'>qui</span> <span class='ocrx_word' id='word_1_114' title='bbox 791 1471 1066 1522; x_wconf 88' lang='lat' dir='ltr'>credentes</span> <span class='ocrx_word' id='word_1_115' title='bbox 1096 1469 1373 1522; x_wconf 88' lang='lat' dir='ltr'>Christum</span> <span class='ocrx_word' id='word_1_116' title='bbox 1399 1487 1510 1520; x_wconf 86' lang='lat' dir='ltr'>esse</span> <span class='ocrx_word' id='word_1_117' title='bbox 1539 1467 1738 1520; x_wconf 80' lang='lat' dir='ltr'>Filium</span> <span class='ocrx_word' id='word_1_118' title='bbox 1758 1468 1859 1520; x_wconf 90' lang='lat' dir='ltr'>Dei</span> <span class='ocrx_word' id='word_1_119' title='bbox 1888 1468 2302 1522; x_wconf 88' lang='lat' dir='ltr'>constituuntur</span> 
     </span>
     <span class='ocr_line' id='line_1_17' title="bbox 252 1542 1602 1615; baseline -0.003 -17"><span class='ocrx_word' id='word_1_120' title='bbox 252 1546 457 1615; x_wconf 85' lang='lat' dir='ltr'>lapides</span> <span class='ocrx_word' id='word_1_121' title='bbox 498 1546 623 1607; x_wconf 88' lang='lat' dir='ltr'>vivi,</span> <span class='ocrx_word' id='word_1_122' title='bbox 666 1564 730 1596; x_wconf 87' lang='lat' dir='ltr'>ex</span> <span class='ocrx_word' id='word_1_123' title='bbox 771 1545 965 1613; x_wconf 83' lang='lat' dir='ltr'>quibus</span> <span class='ocrx_word' id='word_1_124' title='bbox 1007 1544 1304 1596; x_wconf 75' lang='lat' dir='ltr'>aedificatur</span> <span class='ocrx_word' id='word_1_125' title='bbox 1345 1542 1602 1594; x_wconf 86' lang='lat' dir='ltr'>Ecclesia.</span> 
     </span>
    </p>

    <p class='ocr_par' dir='ltr' id='par_1_5' title="bbox 249 1616 2304 3762">
     <span class='ocr_line' id='line_1_18' title="bbox 402 1616 2302 1689; baseline -0.002 -17"><span class='ocrx_word' id='word_1_126' title='bbox 402 1619 482 1672; x_wconf 84' lang='lat' dir='ltr'>Ex</span> <span class='ocrx_word' id='word_1_127' title='bbox 522 1619 714 1689; x_wconf 85' lang='lat' dir='ltr'>quibus</span> <span class='ocrx_word' id='word_1_128' title='bbox 756 1619 1004 1671; x_wconf 83' lang='lat' dir='ltr'>omnibus</span> <span class='ocrx_word' id='word_1_129' title='bbox 1058 1618 1170 1670; x_wconf 85' lang='lat' dir='ltr'>haec</span> <span class='ocrx_word' id='word_1_130' title='bbox 1210 1617 1494 1680; x_wconf 86' lang='lat' dir='ltr'>resultant,</span> <span class='ocrx_word' id='word_1_131' title='bbox 1550 1616 1803 1669; x_wconf 90' lang='lat' dir='ltr'>Patribus</span> <span class='ocrx_word' id='word_1_132' title='bbox 1850 1617 1959 1669; x_wconf 87' lang='lat' dir='ltr'>alte</span> <span class='ocrx_word' id='word_1_133' title='bbox 2000 1617 2302 1685; x_wconf 89' lang='lat' dir='ltr'>repositum</span> 
     </span>
     <span class='ocr_line' id='line_1_19' title="bbox 253 1690 2303 1760; baseline -0.001 -14"><span class='ocrx_word' id='word_1_134' title='bbox 253 1695 434 1756; x_wconf 87' lang='lat' dir='ltr'>fuisse,</span> <span class='ocrx_word' id='word_1_135' title='bbox 465 1693 875 1746; x_wconf 85' lang='lat' dir='ltr'>fundamentum</span> <span class='ocrx_word' id='word_1_136' title='bbox 896 1692 1147 1744; x_wconf 74' lang='lat' dir='ltr'>Ecclesiae</span> <span class='ocrx_word' id='word_1_137' title='bbox 1168 1692 1405 1760; x_wconf 90' lang='lat' dir='ltr'>primum</span> <span class='ocrx_word' id='word_1_138' title='bbox 1433 1709 1545 1743; x_wconf 91' lang='lat' dir='ltr'>esse</span> <span class='ocrx_word' id='word_1_139' title='bbox 1568 1690 1859 1754; x_wconf 84' lang='lat' dir='ltr'>Christum,</span> <span class='ocrx_word' id='word_1_140' title='bbox 1889 1690 2303 1743; x_wconf 87' lang='lat' dir='ltr'>fundamentum</span> 
     </span>
     <span class='ocr_line' id='line_1_20' title="bbox 253 1765 2304 1833; baseline -0.001 -12"><span class='ocrx_word' id='word_1_141' title='bbox 253 1768 422 1821; x_wconf 87' lang='lat' dir='ltr'>veluti</span> <span class='ocrx_word' id='word_1_142' title='bbox 462 1768 686 1820; x_wconf 85' lang='lat' dir='ltr'>formale</span> <span class='ocrx_word' id='word_1_143' title='bbox 728 1786 841 1819; x_wconf 90' lang='lat' dir='ltr'>esse</span> <span class='ocrx_word' id='word_1_144' title='bbox 882 1767 1040 1818; x_wconf 89' lang='lat' dir='ltr'>fidem</span> <span class='ocrx_word' id='word_1_145' title='bbox 1079 1766 1139 1817; x_wconf 91' lang='lat' dir='ltr'>in</span> <span class='ocrx_word' id='word_1_146' title='bbox 1180 1765 1457 1818; x_wconf 83' lang='lat' dir='ltr'>Christum</span> <span class='ocrx_word' id='word_1_147' title='bbox 1485 1765 1684 1818; x_wconf 88' lang='lat' dir='ltr'>Filium</span> <span class='ocrx_word' id='word_1_148' title='bbox 1711 1765 1843 1826; x_wconf 84' lang='lat' dir='ltr'>Dei3</span> <span class='ocrx_word' id='word_1_149' title='bbox 1885 1765 2112 1833; x_wconf 88' lang='lat' dir='ltr'>ideoque</span> <span class='ocrx_word' id='word_1_150' title='bbox 2140 1766 2304 1818; x_wconf 86' lang='lat' dir='ltr'>verba</span> 
     </span>
     <span class='ocr_line' id='line_1_21' title="bbox 255 1838 2299 1908; baseline -0.002 -13"><span class='ocrx_word' id='word_1_151' title='bbox 255 1844 373 1895; x_wconf 85' lang='lat' dir='ltr'>illa:</span> <span class='ocrx_word' id='word_1_152' title='bbox 415 1861 576 1908; x_wconf 67' lang='lat' dir='ltr'>super</span> <span class='ocrx_word' id='word_1_153' title='bbox 613 1842 746 1894; x_wconf 73' lang='lat' dir='ltr'>hanc</span> <span class='ocrx_word' id='word_1_154' title='bbox 775 1847 1005 1907; x_wconf 73' lang='lat' dir='ltr'>petram,</span> <span class='ocrx_word' id='word_1_155' title='bbox 1077 1859 1189 1892; x_wconf 90' lang='lat' dir='ltr'>non</span> <span class='ocrx_word' id='word_1_156' title='bbox 1242 1840 1308 1891; x_wconf 88' lang='lat' dir='ltr'>ad</span> <span class='ocrx_word' id='word_1_157' title='bbox 1346 1839 1589 1903; x_wconf 90' lang='lat' dir='ltr'>Petrum,</span> <span class='ocrx_word' id='word_1_158' title='bbox 1645 1839 1735 1891; x_wconf 88' lang='lat' dir='ltr'>sed</span> <span class='ocrx_word' id='word_1_159' title='bbox 1774 1839 1857 1891; x_wconf 81' lang='lat' dir='ltr'>vel</span> <span class='ocrx_word' id='word_1_160' title='bbox 1898 1839 1964 1890; x_wconf 87' lang='lat' dir='ltr'>ad</span> <span class='ocrx_word' id='word_1_161' title='bbox 2005 1838 2299 1903; x_wconf 87' lang='lat' dir='ltr'>Christum,</span> 
     </span>
     <span class='ocr_line' id='line_1_22' title="bbox 252 1913 2303 1982; baseline -0.001 -13"><span class='ocrx_word' id='word_1_162' title='bbox 252 1918 336 1970; x_wconf 83' lang='lat' dir='ltr'>vel</span> <span class='ocrx_word' id='word_1_163' title='bbox 375 1917 440 1969; x_wconf 89' lang='lat' dir='ltr'>ad</span> <span class='ocrx_word' id='word_1_164' title='bbox 481 1917 641 1968; x_wconf 90' lang='lat' dir='ltr'>fidem</span> <span class='ocrx_word' id='word_1_165' title='bbox 681 1916 738 1967; x_wconf 91' lang='lat' dir='ltr'>in</span> <span class='ocrx_word' id='word_1_166' title='bbox 779 1915 1054 1968; x_wconf 88' lang='lat' dir='ltr'>Christum</span> <span class='ocrx_word' id='word_1_167' title='bbox 1093 1914 1375 1967; x_wconf 88' lang='lat' dir='ltr'>referenda</span> <span class='ocrx_word' id='word_1_168' title='bbox 1416 1933 1546 1977; x_wconf 88' lang='lat' dir='ltr'>esse,</span> <span class='ocrx_word' id='word_1_169' title='bbox 1605 1932 1722 1982; x_wconf 81' lang='lat' dir='ltr'>quae</span> <span class='ocrx_word' id='word_1_170' title='bbox 1763 1913 1880 1966; x_wconf 81' lang='lat' dir='ltr'>duae</span> <span class='ocrx_word' id='word_1_171' title='bbox 1921 1913 2208 1966; x_wconf 78' lang='lat' dir='ltr'>sententiae</span> <span class='ocrx_word' id='word_1_172' title='bbox 2249 1920 2303 1968; x_wconf 90' lang='lat' dir='ltr'>et</span> 
     </span>
     <span class='ocr_line' id='line_1_23' title="bbox 252 1987 2299 2058; baseline -0.002 -14"><span class='ocrx_word' id='word_1_173' title='bbox 252 1991 602 2044; x_wconf 87' lang='lat' dir='ltr'>solemniores</span> <span class='ocrx_word' id='word_1_174' title='bbox 643 1995 774 2043; x_wconf 92' lang='lat' dir='ltr'>sunt</span> <span class='ocrx_word' id='word_1_175' title='bbox 812 1995 867 2043; x_wconf 84' lang='lat' dir='ltr'>et</span> <span class='ocrx_word' id='word_1_176' title='bbox 905 2008 1130 2042; x_wconf 87' lang='lat' dir='ltr'>numero</span> <span class='ocrx_word' id='word_1_177' title='bbox 1172 1992 1226 2042; x_wconf 91' lang='lat' dir='ltr'>et</span> <span class='ocrx_word' id='word_1_178' title='bbox 1265 1988 1535 2058; x_wconf 84' lang='lat' dir='ltr'>gravitate</span> <span class='ocrx_word' id='word_1_179' title='bbox 1575 1987 1799 2040; x_wconf 82' lang='lat' dir='ltr'>Patrum</span> <span class='ocrx_word' id='word_1_180' title='bbox 1835 1991 2116 2056; x_wconf 74' lang='lat' dir='ltr'>praestant.</span> <span class='ocrx_word' id='word_1_181' title='bbox 2182 1987 2299 2052; x_wconf 87' lang='lat' dir='ltr'>Illa,</span> 
     </span>
     <span class='ocr_line' id='line_1_24' title="bbox 253 2061 2297 2135; baseline -0.002 -17"><span class='ocrx_word' id='word_1_182' title='bbox 253 2085 369 2135; x_wconf 78' lang='lat' dir='ltr'>quae</span> <span class='ocrx_word' id='word_1_183' title='bbox 409 2066 568 2118; x_wconf 88' lang='lat' dir='ltr'>dicit:</span> <span class='ocrx_word' id='word_1_184' title='bbox 627 2083 786 2131; x_wconf 73' lang='lat' dir='ltr'>super</span> <span class='ocrx_word' id='word_1_185' title='bbox 830 2070 1055 2130; x_wconf 67' lang='lat' dir='ltr'>petrem,</span> <span class='ocrx_word' id='word_1_186' title='bbox 1118 2064 1151 2114; x_wconf 92' lang='lat' dir='ltr'>i.</span> <span class='ocrx_word' id='word_1_187' title='bbox 1194 2082 1236 2115; x_wconf 89' lang='lat' dir='ltr'>e.</span> <span class='ocrx_word' id='word_1_188' title='bbox 1292 2082 1453 2131; x_wconf 87' lang='lat' dir='ltr'>super</span> <span class='ocrx_word' id='word_1_189' title='bbox 1506 2063 1653 2114; x_wconf 85' lang='lat' dir='ltr'>illam</span> <span class='ocrx_word' id='word_1_190' title='bbox 1704 2066 1911 2130; x_wconf 88' lang='lat' dir='ltr'>petram</span> <span class='ocrx_word' id='word_1_191' title='bbox 1955 2061 2297 2131; x_wconf 83' lang='lat' dir='ltr'>(Christum),</span> 
     </span>
     <span class='ocr_line' id='line_1_25' title="bbox 252 2136 2300 2210; baseline -0.002 -18"><span class='ocrx_word' id='word_1_192' title='bbox 252 2159 411 2210; x_wconf 90' lang='lat' dir='ltr'>quam</span> <span class='ocrx_word' id='word_1_193' title='bbox 451 2141 726 2192; x_wconf 83' lang='lat' dir='ltr'>confessus</span> <span class='ocrx_word' id='word_1_194' title='bbox 784 2140 962 2191; x_wconf 87' lang='lat' dir='ltr'>fuerat</span> <span class='ocrx_word' id='word_1_195' title='bbox 1021 2137 1234 2200; x_wconf 90' lang='lat' dir='ltr'>Petrus,</span> <span class='ocrx_word' id='word_1_196' title='bbox 1294 2141 1545 2190; x_wconf 88' lang='lat' dir='ltr'>numerat</span> <span class='ocrx_word' id='word_1_197' title='bbox 1603 2136 1792 2190; x_wconf 86' lang='lat' dir='ltr'>Patres</span> <span class='ocrx_word' id='word_1_198' title='bbox 1853 2136 2146 2199; x_wconf 88' lang='lat' dir='ltr'>sexdecim;</span> <span class='ocrx_word' id='word_1_199' title='bbox 2206 2137 2300 2188; x_wconf 90' lang='lat' dir='ltr'>illa</span> 
     </span>
     <span class='ocr_line' id='line_1_26' title="bbox 251 2210 2298 2283; baseline -0.002 -16"><span class='ocrx_word' id='word_1_200' title='bbox 251 2233 397 2276; x_wconf 87' lang='lat' dir='ltr'>vero,</span> <span class='ocrx_word' id='word_1_201' title='bbox 440 2233 556 2283; x_wconf 83' lang='lat' dir='ltr'>quae</span> <span class='ocrx_word' id='word_1_202' title='bbox 598 2214 729 2266; x_wconf 89' lang='lat' dir='ltr'>dicit</span> <span class='ocrx_word' id='word_1_203' title='bbox 769 2231 929 2279; x_wconf 72' lang='lat' dir='ltr'>saper</span> <span class='ocrx_word' id='word_1_204' title='bbox 966 2213 1100 2265; x_wconf 71' lang='lat' dir='ltr'>hanc</span> <span class='ocrx_word' id='word_1_205' title='bbox 1137 2221 1360 2277; x_wconf 71' lang='lat' dir='ltr'>petram,</span> <span class='ocrx_word' id='word_1_206' title='bbox 1403 2211 1438 2263; x_wconf 87' lang='lat' dir='ltr'>i.</span> <span class='ocrx_word' id='word_1_207' title='bbox 1482 2230 1524 2262; x_wconf 91' lang='lat' dir='ltr'>e.</span> <span class='ocrx_word' id='word_1_208' title='bbox 1568 2229 1729 2279; x_wconf 92' lang='lat' dir='ltr'>super</span> <span class='ocrx_word' id='word_1_209' title='bbox 1769 2210 1944 2272; x_wconf 89' lang='lat' dir='ltr'>fidem,</span> <span class='ocrx_word' id='word_1_210' title='bbox 1988 2229 2147 2279; x_wconf 90' lang='lat' dir='ltr'>quam</span> <span class='ocrx_word' id='word_1_211' title='bbox 2169 2229 2298 2263; x_wconf 91' lang='lat' dir='ltr'>con-</span> 
     </span>
     <span class='ocr_line' id='line_1_27' title="bbox 251 2284 2298 2354; baseline -0.002 -13"><span class='ocrx_word' id='word_1_212' title='bbox 251 2289 422 2341; x_wconf 88' lang='lat' dir='ltr'>fessus</span> <span class='ocrx_word' id='word_1_213' title='bbox 463 2288 570 2341; x_wconf 84' lang='lat' dir='ltr'>fuit</span> <span class='ocrx_word' id='word_1_214' title='bbox 608 2288 820 2351; x_wconf 79' lang='lat' dir='ltr'>PetruS,</span> <span class='ocrx_word' id='word_1_215' title='bbox 872 2290 1124 2339; x_wconf 89' lang='lat' dir='ltr'>numerat</span> <span class='ocrx_word' id='word_1_216' title='bbox 1178 2285 1367 2338; x_wconf 85' lang='lat' dir='ltr'>Patres</span> <span class='ocrx_word' id='word_1_217' title='bbox 1420 2285 1782 2354; x_wconf 79' lang='lat' dir='ltr'>quadraginta</span> <span class='ocrx_word' id='word_1_218' title='bbox 1836 2288 2087 2353; x_wconf 85' lang='lat' dir='ltr'>quatuor.</span> <span class='ocrx_word' id='word_1_219' title='bbox 2167 2284 2298 2337; x_wconf 85' lang='lat' dir='ltr'>Haec</span> 
     </span>
     <span class='ocr_line' id='line_1_28' title="bbox 252 2359 2296 2427; baseline -0.002 -12"><span class='ocrx_word' id='word_1_220' title='bbox 252 2382 378 2415; x_wconf 85' lang='lat' dir='ltr'>vero</span> <span class='ocrx_word' id='word_1_221' title='bbox 418 2362 692 2414; x_wconf 87' lang='lat' dir='ltr'>sententia</span> <span class='ocrx_word' id='word_1_222' title='bbox 731 2381 843 2414; x_wconf 90' lang='lat' dir='ltr'>non</span> <span class='ocrx_word' id='word_1_223' title='bbox 902 2361 978 2413; x_wconf 89' lang='lat' dir='ltr'>ita</span> <span class='ocrx_word' id='word_1_224' title='bbox 1018 2360 1273 2412; x_wconf 88' lang='lat' dir='ltr'>sumenda</span> <span class='ocrx_word' id='word_1_225' title='bbox 1325 2363 1423 2422; x_wconf 82' lang='lat' dir='ltr'>est,</span> <span class='ocrx_word' id='word_1_226' title='bbox 1483 2364 1545 2412; x_wconf 89' lang='lat' dir='ltr'>ut</span> <span class='ocrx_word' id='word_1_227' title='bbox 1602 2359 1787 2427; x_wconf 87' lang='lat' dir='ltr'>plures</span> <span class='ocrx_word' id='word_1_228' title='bbox 1845 2359 2075 2410; x_wconf 86' lang='lat' dir='ltr'>vellent:</span> <span class='ocrx_word' id='word_1_229' title='bbox 2137 2377 2296 2427; x_wconf 89' lang='lat' dir='ltr'>super</span> 
     </span>
     <span class='ocr_line' id='line_1_29' title="bbox 253 2432 2297 2495; baseline -0.002 -6"><span class='ocrx_word' id='word_1_230' title='bbox 253 2455 415 2489; x_wconf 89' lang='lat' dir='ltr'>unum</span> <span class='ocrx_word' id='word_1_231' title='bbox 460 2441 513 2489; x_wconf 91' lang='lat' dir='ltr'>et</span> <span class='ocrx_word' id='word_1_232' title='bbox 553 2437 729 2488; x_wconf 90' lang='lat' dir='ltr'>solum</span> <span class='ocrx_word' id='word_1_233' title='bbox 769 2435 923 2487; x_wconf 82' lang='lat' dir='ltr'>Rom.</span> <span class='ocrx_word' id='word_1_234' title='bbox 1004 2434 1324 2486; x_wconf 83' lang='lat' dir='ltr'>Pontificem</span> <span class='ocrx_word' id='word_1_235' title='bbox 1364 2433 1682 2495; x_wconf 87' lang='lat' dir='ltr'>credentem,</span> <span class='ocrx_word' id='word_1_236' title='bbox 1725 2433 2008 2485; x_wconf 90' lang='lat' dir='ltr'>docentem</span> <span class='ocrx_word' id='word_1_237' title='bbox 2037 2432 2192 2484; x_wconf 91' lang='lat' dir='ltr'>fidem</span> <span class='ocrx_word' id='word_1_238' title='bbox 2233 2451 2297 2484; x_wconf 90' lang='lat' dir='ltr'>ex</span> 
     </span>
     <span class='ocr_line' id='line_1_30' title="bbox 251 2506 2298 2579; baseline -0.002 -16"><span class='ocrx_word' id='word_1_239' title='bbox 251 2511 520 2574; x_wconf 87' lang='lat' dir='ltr'>cathedra,</span> <span class='ocrx_word' id='word_1_240' title='bbox 563 2510 625 2562; x_wconf 91' lang='lat' dir='ltr'>de</span> <span class='ocrx_word' id='word_1_241' title='bbox 645 2529 750 2579; x_wconf 91' lang='lat' dir='ltr'>quo</span> <span class='ocrx_word' id='word_1_242' title='bbox 779 2510 936 2561; x_wconf 90' lang='lat' dir='ltr'>modo</span> <span class='ocrx_word' id='word_1_243' title='bbox 963 2508 1363 2576; x_wconf 87' lang='lat' dir='ltr'>interpretandi</span> <span class='ocrx_word' id='word_1_244' title='bbox 1390 2508 1449 2559; x_wconf 93' lang='lat' dir='ltr'>in</span> <span class='ocrx_word' id='word_1_245' title='bbox 1471 2507 1647 2559; x_wconf 82' lang='lat' dir='ltr'>verbis</span> <span class='ocrx_word' id='word_1_246' title='bbox 1669 2506 1895 2559; x_wconf 90' lang='lat' dir='ltr'>Patrum</span> <span class='ocrx_word' id='word_1_247' title='bbox 1914 2525 1980 2559; x_wconf 93' lang='lat' dir='ltr'>ne</span> <span class='ocrx_word' id='word_1_248' title='bbox 2007 2507 2298 2576; x_wconf 83' lang='lat' dir='ltr'>vestigium</span> 
     </span>
     <span class='ocr_line' id='line_1_31' title="bbox 251 2581 2297 2654; baseline -0.002 -18"><span class='ocrx_word' id='word_1_249' title='bbox 251 2586 467 2654; x_wconf 88' lang='lat' dir='ltr'>quidem</span> <span class='ocrx_word' id='word_1_250' title='bbox 505 2588 762 2652; x_wconf 81' lang='lat' dir='ltr'>apparet3</span> <span class='ocrx_word' id='word_1_251' title='bbox 816 2584 905 2635; x_wconf 84' lang='lat' dir='ltr'>scd</span> <span class='ocrx_word' id='word_1_252' title='bbox 957 2583 1034 2635; x_wconf 87' lang='lat' dir='ltr'>ita</span> <span class='ocrx_word' id='word_1_253' title='bbox 1089 2582 1342 2634; x_wconf 88' lang='lat' dir='ltr'>sumenda</span> <span class='ocrx_word' id='word_1_254' title='bbox 1383 2585 1485 2633; x_wconf 88' lang='lat' dir='ltr'>est:</span> <span class='ocrx_word' id='word_1_255' title='bbox 1529 2585 1591 2634; x_wconf 90' lang='lat' dir='ltr'>ut</span> <span class='ocrx_word' id='word_1_256' title='bbox 1631 2581 1726 2634; x_wconf 88' lang='lat' dir='ltr'>illa</span> <span class='ocrx_word' id='word_1_257' title='bbox 1765 2581 1912 2643; x_wconf 88' lang='lat' dir='ltr'>fides,</span> <span class='ocrx_word' id='word_1_258' title='bbox 1967 2599 2127 2650; x_wconf 90' lang='lat' dir='ltr'>quam</span> <span class='ocrx_word' id='word_1_259' title='bbox 2167 2599 2297 2633; x_wconf 87' lang='lat' dir='ltr'>con-</span> 
     </span>
     <span class='ocr_line' id='line_1_32' title="bbox 250 2653 2294 2727; baseline -0.002 -16"><span class='ocrx_word' id='word_1_260' title='bbox 250 2660 422 2712; x_wconf 85' lang='lat' dir='ltr'>fessus</span> <span class='ocrx_word' id='word_1_261' title='bbox 463 2662 545 2711; x_wconf 88' lang='lat' dir='ltr'>est</span> <span class='ocrx_word' id='word_1_262' title='bbox 583 2658 775 2711; x_wconf 86' lang='lat' dir='ltr'>Petrus</span> <span class='ocrx_word' id='word_1_263' title='bbox 817 2661 870 2710; x_wconf 89' lang='lat' dir='ltr'>et</span> <span class='ocrx_word' id='word_1_264' title='bbox 910 2676 1014 2727; x_wconf 89' lang='lat' dir='ltr'>qua</span> <span class='ocrx_word' id='word_1_265' title='bbox 1055 2656 1316 2708; x_wconf 89' lang='lat' dir='ltr'>credimus</span> <span class='ocrx_word' id='word_1_266' title='bbox 1359 2655 1635 2708; x_wconf 90' lang='lat' dir='ltr'>Christum</span> <span class='ocrx_word' id='word_1_267' title='bbox 1675 2673 1787 2708; x_wconf 89' lang='lat' dir='ltr'>esse</span> <span class='ocrx_word' id='word_1_268' title='bbox 1814 2655 2015 2707; x_wconf 86' lang='lat' dir='ltr'>Filium</span> <span class='ocrx_word' id='word_1_269' title='bbox 2041 2653 2141 2706; x_wconf 92' lang='lat' dir='ltr'>Dei</span> <span class='ocrx_word' id='word_1_270' title='bbox 2168 2655 2294 2719; x_wconf 85' lang='lat' dir='ltr'>vivi,</span> 
     </span>
     <span class='ocr_line' id='line_1_33' title="bbox 251 2728 2295 2799; baseline -0.002 -14"><span class='ocrx_word' id='word_1_271' title='bbox 251 2733 324 2786; x_wconf 92' lang='lat' dir='ltr'>sit</span> <span class='ocrx_word' id='word_1_272' title='bbox 362 2733 773 2785; x_wconf 79' lang='lat' dir='ltr'>fundamentum</span> <span class='ocrx_word' id='word_1_273' title='bbox 814 2731 1083 2783; x_wconf 80' lang='lat' dir='ltr'>Ecclesiae.</span> <span class='ocrx_word' id='word_1_274' title='bbox 1163 2730 1236 2783; x_wconf 89' lang='lat' dir='ltr'>Et</span> <span class='ocrx_word' id='word_1_275' title='bbox 1274 2730 1507 2799; x_wconf 88' lang='lat' dir='ltr'>primam</span> <span class='ocrx_word' id='word_1_276' title='bbox 1534 2730 1924 2798; x_wconf 88' lang='lat' dir='ltr'>secundamque</span> <span class='ocrx_word' id='word_1_277' title='bbox 1963 2728 2295 2797; x_wconf 90' lang='lat' dir='ltr'>interpreta-</span> 
     </span>
     <span class='ocr_line' id='line_1_34' title="bbox 251 2803 2294 2876; baseline -0.004 -15"><span class='ocrx_word' id='word_1_278' title='bbox 251 2807 454 2861; x_wconf 87' lang='lat' dir='ltr'>tionem</span> <span class='ocrx_word' id='word_1_279' title='bbox 475 2807 850 2876; x_wconf 86' lang='lat' dir='ltr'>conjungendo</span> <span class='ocrx_word' id='word_1_280' title='bbox 875 2806 1049 2859; x_wconf 77' lang='lat' dir='ltr'>tertiae</span> <span class='ocrx_word' id='word_1_281' title='bbox 1078 2808 1131 2857; x_wconf 91' lang='lat' dir='ltr'>et</span> <span class='ocrx_word' id='word_1_282' title='bbox 1158 2809 1365 2874; x_wconf 83' lang='lat' dir='ltr'>quartae</span> <span class='ocrx_word' id='word_1_283' title='bbox 1385 2805 1498 2857; x_wconf 71' lang='lat' dir='ltr'>haec</span> <span class='ocrx_word' id='word_1_284' title='bbox 1524 2804 1656 2856; x_wconf 85' lang='lat' dir='ltr'>fides</span> <span class='ocrx_word' id='word_1_285' title='bbox 1683 2804 1761 2857; x_wconf 87' lang='lat' dir='ltr'>ita</span> <span class='ocrx_word' id='word_1_286' title='bbox 1782 2808 1863 2856; x_wconf 89' lang='lat' dir='ltr'>est</span> <span class='ocrx_word' id='word_1_287' title='bbox 1885 2803 2294 2855; x_wconf 87' lang='lat' dir='ltr'>fundamentum</span> 
     </span>
     <span class='ocr_line' id='line_1_35' title="bbox 250 2877 2295 2950; baseline -0.003 -16"><span class='ocrx_word' id='word_1_288' title='bbox 250 2881 518 2945; x_wconf 85' lang='lat' dir='ltr'>Ecclesiae,</span> <span class='ocrx_word' id='word_1_289' title='bbox 561 2886 825 2950; x_wconf 90' lang='lat' dir='ltr'>quatenus</span> <span class='ocrx_word' id='word_1_290' title='bbox 866 2879 1193 2949; x_wconf 87' lang='lat' dir='ltr'>proponitur</span> <span class='ocrx_word' id='word_1_291' title='bbox 1234 2883 1288 2931; x_wconf 88' lang='lat' dir='ltr'>et</span> <span class='ocrx_word' id='word_1_292' title='bbox 1316 2879 1616 2947; x_wconf 88' lang='lat' dir='ltr'>explicatur</span> <span class='ocrx_word' id='word_1_293' title='bbox 1643 2879 1708 2931; x_wconf 92' lang='lat' dir='ltr'>ab</span> <span class='ocrx_word' id='word_1_294' title='bbox 1736 2877 2036 2946; x_wconf 77' lang='lat' dir='ltr'>ApostoliS,</span> <span class='ocrx_word' id='word_1_295' title='bbox 2066 2895 2295 2945; x_wconf 91' lang='lat' dir='ltr'>quorum</span> 
     </span>
     <span class='ocr_line' id='line_1_36' title="bbox 250 2951 2294 3024; baseline -0.003 -16"><span class='ocrx_word' id='word_1_296' title='bbox 250 2959 411 3024; x_wconf 86' lang='lat' dir='ltr'>caput</span> <span class='ocrx_word' id='word_1_297' title='bbox 450 2959 506 3008; x_wconf 91' lang='lat' dir='ltr'>et</span> <span class='ocrx_word' id='word_1_298' title='bbox 544 2956 861 3024; x_wconf 64' lang='lat' dir='ltr'>coryphaeus</span> <span class='ocrx_word' id='word_1_299' title='bbox 915 2958 1030 3006; x_wconf 87' lang='lat' dir='ltr'>erat</span> <span class='ocrx_word' id='word_1_300' title='bbox 1082 2952 1294 3015; x_wconf 72' lang='lat' dir='ltr'>Petrus,</span> <span class='ocrx_word' id='word_1_301' title='bbox 1347 2971 1508 3021; x_wconf 91' lang='lat' dir='ltr'>super</span> <span class='ocrx_word' id='word_1_302' title='bbox 1549 2971 1654 3021; x_wconf 92' lang='lat' dir='ltr'>quo</span> <span class='ocrx_word' id='word_1_303' title='bbox 1695 2951 1979 3021; x_wconf 79' lang='lat' dir='ltr'>praecipue,</span> <span class='ocrx_word' id='word_1_304' title='bbox 2034 2954 2294 3018; x_wconf 88' lang='lat' dir='ltr'>tanquam</span> 
     </span>
     <span class='ocr_line' id='line_1_37' title="bbox 249 3024 2292 3098; baseline -0.003 -16"><span class='ocrx_word' id='word_1_305' title='bbox 249 3030 422 3098; x_wconf 91' lang='lat' dir='ltr'>primo</span> <span class='ocrx_word' id='word_1_306' title='bbox 463 3030 831 3092; x_wconf 84' lang='lat' dir='ltr'>fundamentO,</span> <span class='ocrx_word' id='word_1_307' title='bbox 886 3029 1110 3080; x_wconf 88' lang='lat' dir='ltr'>fundata</span> <span class='ocrx_word' id='word_1_308' title='bbox 1160 3027 1232 3080; x_wconf 90' lang='lat' dir='ltr'>sit</span> <span class='ocrx_word' id='word_1_309' title='bbox 1269 3027 1524 3089; x_wconf 86' lang='lat' dir='ltr'>Ecclesia,</span> <span class='ocrx_word' id='word_1_310' title='bbox 1578 3026 1777 3095; x_wconf 89' lang='lat' dir='ltr'>quique</span> <span class='ocrx_word' id='word_1_311' title='bbox 1822 3024 2016 3077; x_wconf 89' lang='lat' dir='ltr'>Petrus</span> <span class='ocrx_word' id='word_1_312' title='bbox 2067 3027 2292 3093; x_wconf 89' lang='lat' dir='ltr'>propter</span> 
     </span>
     <span class='ocr_line' id='line_1_38' title="bbox 250 3097 2292 3172; baseline -0.002 -17"><span class='ocrx_word' id='word_1_313' title='bbox 250 3103 513 3172; x_wconf 87' lang='lat' dir='ltr'>primatus</span> <span class='ocrx_word' id='word_1_314' title='bbox 556 3103 923 3172; x_wconf 88' lang='lat' dir='ltr'>principatum</span> <span class='ocrx_word' id='word_1_315' title='bbox 964 3106 1139 3155; x_wconf 89' lang='lat' dir='ltr'>totam</span> <span class='ocrx_word' id='word_1_316' title='bbox 1178 3101 1236 3152; x_wconf 92' lang='lat' dir='ltr'>in</span> <span class='ocrx_word' id='word_1_317' title='bbox 1264 3119 1317 3152; x_wconf 87' lang='lat' dir='ltr'>se</span> <span class='ocrx_word' id='word_1_318' title='bbox 1344 3100 1769 3168; x_wconf 64' lang='lat' dir='ltr'>repraesentabat</span> <span class='ocrx_word' id='word_1_319' title='bbox 1796 3097 2104 3150; x_wconf 87' lang='lat' dir='ltr'>Ecclesiam.</span> <span class='ocrx_word' id='word_1_320' title='bbox 2170 3097 2292 3150; x_wconf 87' lang='lat' dir='ltr'>Pri·-</span> 
     </span>
     <span class='ocr_line' id='line_1_39' title="bbox 250 3172 2288 3235; baseline -0.002 -7"><span class='ocrx_word' id='word_1_321' title='bbox 250 3197 395 3230; x_wconf 92' lang='lat' dir='ltr'>mum</span> <span class='ocrx_word' id='word_1_322' title='bbox 434 3178 844 3230; x_wconf 86' lang='lat' dir='ltr'>fundamentum</span> <span class='ocrx_word' id='word_1_323' title='bbox 896 3180 977 3229; x_wconf 87' lang='lat' dir='ltr'>est</span> <span class='ocrx_word' id='word_1_324' title='bbox 1031 3174 1306 3227; x_wconf 89' lang='lat' dir='ltr'>Christus:</span> <span class='ocrx_word' id='word_1_325' title='bbox 1362 3174 1587 3226; x_wconf 88' lang='lat' dir='ltr'>formale</span> <span class='ocrx_word' id='word_1_326' title='bbox 1640 3172 1808 3224; x_wconf 83' lang='lat' dir='ltr'>veluti</span> <span class='ocrx_word' id='word_1_327' title='bbox 1861 3172 2288 3235; x_wconf 85' lang='lat' dir='ltr'>fundamentum,</span> 
     </span>
     <span class='ocr_line' id='line_1_40' title="bbox 251 3245 2290 3320; baseline -0.002 -18"><span class='ocrx_word' id='word_1_328' title='bbox 251 3269 356 3320; x_wconf 93' lang='lat' dir='ltr'>quo</span> <span class='ocrx_word' id='word_1_329' title='bbox 398 3251 613 3304; x_wconf 91' lang='lat' dir='ltr'>Christo</span> <span class='ocrx_word' id='word_1_330' title='bbox 655 3251 889 3314; x_wconf 90' lang='lat' dir='ltr'>unimur,</span> <span class='ocrx_word' id='word_1_331' title='bbox 931 3254 1013 3302; x_wconf 87' lang='lat' dir='ltr'>est</span> <span class='ocrx_word' id='word_1_332' title='bbox 1053 3249 1209 3310; x_wconf 81' lang='lat' dir='ltr'>fides3</span> <span class='ocrx_word' id='word_1_333' title='bbox 1252 3248 1364 3300; x_wconf 81' lang='lat' dir='ltr'>haec</span> <span class='ocrx_word' id='word_1_334' title='bbox 1392 3248 1523 3299; x_wconf 90' lang='lat' dir='ltr'>fides</span> <span class='ocrx_word' id='word_1_335' title='bbox 1550 3246 1878 3314; x_wconf 89' lang='lat' dir='ltr'>proponitur</span> <span class='ocrx_word' id='word_1_336' title='bbox 1906 3250 1960 3299; x_wconf 91' lang='lat' dir='ltr'>et</span> <span class='ocrx_word' id='word_1_337' title='bbox 1986 3245 2290 3314; x_wconf 83' lang='lat' dir='ltr'>explicatur</span> 
     </span>
     <span class='ocr_line' id='line_1_41' title="bbox 250 3320 2286 3395; baseline -0.003 -18"><span class='ocrx_word' id='word_1_338' title='bbox 250 3326 315 3377; x_wconf 90' lang='lat' dir='ltr'>ab</span> <span class='ocrx_word' id='word_1_339' title='bbox 355 3323 656 3394; x_wconf 88' lang='lat' dir='ltr'>Apostolis,</span> <span class='ocrx_word' id='word_1_340' title='bbox 698 3325 1019 3395; x_wconf 77' lang='lat' dir='ltr'>pastoribUS‚</span> <span class='ocrx_word' id='word_1_341' title='bbox 1064 3341 1222 3391; x_wconf 86' lang='lat' dir='ltr'>super</span> <span class='ocrx_word' id='word_1_342' title='bbox 1263 3341 1396 3390; x_wconf 89' lang='lat' dir='ltr'>quos</span> <span class='ocrx_word' id='word_1_343' title='bbox 1439 3320 1665 3390; x_wconf 89' lang='lat' dir='ltr'>proinde</span> <span class='ocrx_word' id='word_1_344' title='bbox 1692 3320 1986 3373; x_wconf 80' lang='lat' dir='ltr'>aedificatur</span> <span class='ocrx_word' id='word_1_345' title='bbox 2021 3320 2286 3373; x_wconf 86' lang='lat' dir='ltr'>Ecclesia:</span> 
     </span>
     <span class='ocr_line' id='line_1_42' title="bbox 252 3395 2286 3466; baseline -0.003 -15"><span class='ocrx_word' id='word_1_346' title='bbox 252 3398 694 3466; x_wconf 67' lang='lat' dir='ltr'>Superaedificati</span> <span class='ocrx_word' id='word_1_347' title='bbox 739 3417 899 3466; x_wconf 75' lang='lat' dir='ltr'>super</span> <span class='ocrx_word' id='word_1_348' title='bbox 941 3397 1344 3464; x_wconf 55' lang='lat' dir='ltr'>fundamentum</span> <span class='ocrx_word' id='word_1_349' title='bbox 1392 3395 1766 3461; x_wconf 73' lang='lat' dir='ltr'>Apostolorum</span> <span class='ocrx_word' id='word_1_350' title='bbox 1817 3400 1865 3447; x_wconf 74' lang='lat' dir='ltr'>et</span> <span class='ocrx_word' id='word_1_351' title='bbox 1910 3395 2286 3461; x_wconf 76' lang='lat' dir='ltr'>prophetarum</span> 
     </span>
     <span class='ocr_line' id='line_1_43' title="bbox 249 3467 2285 3540; baseline -0.003 -16"><span class='ocrx_word' id='word_1_352' title='bbox 249 3474 364 3539; x_wconf 68' lang='lat' dir='ltr'>‘ipso</span> <span class='ocrx_word' id='word_1_353' title='bbox 402 3489 601 3525; x_wconf 81' lang='lat' dir='ltr'>summo</span> <span class='ocrx_word' id='word_1_354' title='bbox 641 3474 893 3540; x_wconf 72' lang='lat' dir='ltr'>anyulari</span> <span class='ocrx_word' id='word_1_355' title='bbox 934 3472 1113 3538; x_wconf 73' lang='lat' dir='ltr'>lapide</span> <span class='ocrx_word' id='word_1_356' title='bbox 1154 3470 1368 3523; x_wconf 78' lang='lat' dir='ltr'>Christo</span> <span class='ocrx_word' id='word_1_357' title='bbox 1404 3469 1568 3523; x_wconf 76' lang='lat' dir='ltr'>Jesu:</span> <span class='ocrx_word' id='word_1_358' title='bbox 1609 3467 2003 3538; x_wconf 89' lang='lat' dir='ltr'>Apostolorum</span> <span class='ocrx_word' id='word_1_359' title='bbox 2031 3468 2285 3530; x_wconf 88' lang='lat' dir='ltr'>omnium,</span> 
     </span>
     <span class='ocr_line' id='line_1_44' title="bbox 251 3541 2286 3617; baseline -0.003 -19"><span class='ocrx_word' id='word_1_360' title='bbox 251 3546 468 3617; x_wconf 83' lang='lat' dir='ltr'>collegii</span> <span class='ocrx_word' id='word_1_361' title='bbox 506 3545 812 3615; x_wconf 83' lang='lat' dir='ltr'>Apostolici</span> <span class='ocrx_word' id='word_1_362' title='bbox 850 3547 1045 3599; x_wconf 88' lang='lat' dir='ltr'>Petrus</span> <span class='ocrx_word' id='word_1_363' title='bbox 1086 3549 1167 3598; x_wconf 87' lang='lat' dir='ltr'>est</span> <span class='ocrx_word' id='word_1_364' title='bbox 1207 3563 1282 3606; x_wconf 87' lang='lat' dir='ltr'>OS,</span> <span class='ocrx_word' id='word_1_365' title='bbox 1326 3543 1642 3612; x_wconf 83' lang='lat' dir='ltr'>coryphaeus</span> <span class='ocrx_word' id='word_1_366' title='bbox 1670 3546 1724 3595; x_wconf 89' lang='lat' dir='ltr'>et</span> <span class='ocrx_word' id='word_1_367' title='bbox 1757 3543 1880 3607; x_wconf 91' lang='lat' dir='ltr'>dux,</span> <span class='ocrx_word' id='word_1_368' title='bbox 1922 3542 2146 3610; x_wconf 87' lang='lat' dir='ltr'>ideoque</span> <span class='ocrx_word' id='word_1_369' title='bbox 2172 3541 2286 3609; x_wconf 90' lang='lat' dir='ltr'>ipse</span> 
     </span>
     <span class='ocr_line' id='line_1_45' title="bbox 249 3614 2285 3690; baseline -0.003 -18"><span class='ocrx_word' id='word_1_370' title='bbox 249 3624 330 3673; x_wconf 88' lang='lat' dir='ltr'>est</span> <span class='ocrx_word' id='word_1_371' title='bbox 370 3619 671 3690; x_wconf 86' lang='lat' dir='ltr'>principale</span> <span class='ocrx_word' id='word_1_372' title='bbox 721 3621 1132 3672; x_wconf 79' lang='lat' dir='ltr'>fundamentum</span> <span class='ocrx_word' id='word_1_373' title='bbox 1171 3617 1439 3681; x_wconf 74' lang='lat' dir='ltr'>Ecclesiae,</span> <span class='ocrx_word' id='word_1_374' title='bbox 1492 3617 1635 3688; x_wconf 89' lang='lat' dir='ltr'>quod</span> <span class='ocrx_word' id='word_1_375' title='bbox 1686 3616 1822 3669; x_wconf 90' lang='lat' dir='ltr'>alios</span> <span class='ocrx_word' id='word_1_376' title='bbox 1874 3614 2171 3684; x_wconf 89' lang='lat' dir='ltr'>Apostolos</span> <span class='ocrx_word' id='word_1_377' title='bbox 2224 3617 2285 3667; x_wconf 87' lang='lat' dir='ltr'>ut</span> 
     </span>
     <span class='ocr_line' id='line_1_46' title="bbox 250 3688 2285 3762; baseline -0.004 -13"><span class='ocrx_word' id='word_1_378' title='bbox 250 3693 562 3749; x_wconf 84' lang='lat' dir='ltr'>secundaria</span> <span class='ocrx_word' id='word_1_379' title='bbox 599 3694 948 3748; x_wconf 79' lang='lat' dir='ltr'>fundamenta</span> <span class='ocrx_word' id='word_1_380' title='bbox 986 3693 1043 3746; x_wconf 87' lang='lat' dir='ltr'>in</span> <span class='ocrx_word' id='word_1_381' title='bbox 1083 3711 1137 3744; x_wconf 90' lang='lat' dir='ltr'>se</span> <span class='ocrx_word' id='word_1_382' title='bbox 1185 3694 1567 3762; x_wconf 74' lang='lat' dir='ltr'>repraesentat:</span> <span class='ocrx_word' id='word_1_383' title='bbox 1620 3694 1674 3746; x_wconf 90' lang='lat' dir='ltr'>et</span> <span class='ocrx_word' id='word_1_384' title='bbox 1724 3690 1844 3743; x_wconf 90' lang='lat' dir='ltr'>ideo</span> <span class='ocrx_word' id='word_1_385' title='bbox 1898 3707 2057 3761; x_wconf 89' lang='lat' dir='ltr'>super</span> <span class='ocrx_word' id='word_1_386' title='bbox 2106 3688 2285 3760; x_wconf 89' lang='lat' dir='ltr'>ipsum</span> 
     </span>
    </p>
   </div>
  </div>
 </body>
</html>
