2612 4062
2059 255 2164 304 271

369 413 464 471 De
517 411 1073 486 Conyreyationibus
1124 416 1551 492 Theoloyorum
1603 415 1924 474 Minorum.

277 542 396 595 Mos
454 542 559 595 fuit
617 542 676 595 in
734 562 774 596 S.
837 543 1079 599 Concilio
1145 546 1468 599 Tridentino
1523 550 1641 600 tam
1699 547 1797 599 sub
1855 546 2024 600 Paulo
2064 547 2164 611 III,

129 616 276 670 Julio
317 617 427 680 III,
481 635 639 685 quam
679 616 776 669 Pio
817 618 896 671 IV
947 624 1206 690 perpetuo
1249 622 1592 684 observatuS,
1646 624 1708 674 ut
1760 639 1879 674 cum
1929 621 1992 673 de
2032 622 2166 692 dog-

129 691 362 744 matibus
418 690 542 742 fidei
591 691 856 761 agendum
907 699 1074 758 esset,
1127 695 1361 763 primum
1411 694 1630 748 articuli
1676 695 1818 748 inter
1859 695 2165 749 Catholicos

128 770 184 819 et
238 765 555 818 Haereticos
613 769 952 820 controversi
1010 787 1074 821 ex
1130 787 1316 821 eorum
1378 769 1532 821 libris
1591 769 2005 839 colligerentur,
2071 770 2165 839 qui

126 843 413 909 antequam
470 838 724 892 Patribus
790 849 1251 911 proponerentur,
1317 843 1672 895 exhibeantur
1735 843 2048 912 disputandi
2103 863 2165 897 ac

127 914 452 967 discutiendi
491 913 781 983 Theologis
819 916 1145 980 minoribus,
1197 917 1335 970 idest
1373 935 1486 970 non
1524 917 1814 982 PraelatiS,
1862 922 1915 970 et
1955 917 1995 970 ii
2033 923 2165 971 sunt

128 1006 311 1041 omnes
352 989 435 1040 vel
462 988 735 1058 regulares
778 990 859 1042 vel
899 991 1215 1056 saeculares,
1251 991 1344 1060 qui
1370 1010 1411 1043 S.
1439 991 1790 1061 Theologiam
1814 992 2162 1060 profitentur,

127 1062 362 1131 cujusvis
402 1062 634 1126 ordiniS,
673 1064 899 1132 graduS,
942 1069 1143 1129 statuS,
1185 1066 1269 1117 vel
1309 1065 1592 1135 dignitatis
1631 1065 1885 1118 existant.
1962 1065 2163 1134 Hujus-

126 1137 270 1189 modi
308 1155 433 1189 vero
475 1136 936 1206 Congregationes
975 1139 1272 1203 habentur,
1313 1140 1406 1191 ubi
1445 1138 1731 1191 Generales
1773 1139 2162 1210 Congregatio-

126 1230 218 1263 nes
271 1211 609 1280 supradictae
659 1211 839 1264 haberi
890 1217 1311 1277 consueverunt,
1363 1217 1524 1282 atque
1576 1213 1694 1265 ideo
1735 1214 1832 1266 sub
1873 1213 2040 1266 Paulo
2080 1215 2163 1267 ΙΙΙ

125 1290 179 1338 61
216 1284 364 1338 Julio
407 1285 488 1337 III
538 1286 596 1337 in
643 1287 836 1355 majori
876 1289 997 1340 aula
1037 1288 1264 1356 hospitii
1305 1288 1466 1356 primi
1506 1287 1880 1351 praesidentis,
1923 1289 2021 1341 sub
2067 1289 2157 1341 Pio

124 1363 304 1412 autem
343 1359 422 1412 IV
474 1360 532 1412 in
583 1361 802 1413 ecclesia
852 1361 912 1414 B.
966 1362 1166 1415 Mariae
1219 1363 1438 1431 majoris
1492 1361 1551 1413 in
1604 1362 1819 1414 theatro
1870 1362 1936 1414 ad
1987 1362 2041 1414 id
2098 1364 2160 1415 de

126 1434 289 1503 lignis
330 1438 661 1498 constructo,
703 1435 795 1487 ubi
836 1441 1152 1507 suggestum
1192 1455 1254 1488 ex
1293 1455 1397 1505 quo
1427 1436 1805 1504 loquebantur,
1847 1440 1910 1488 ut
1947 1436 2158 1489 facilius

123 1508 469 1572 audirentur,
534 1509 591 1560 in
651 1511 1000 1564 commodiori
1059 1512 1176 1564 loco
1236 1511 1558 1579 dispositum
1611 1513 1742 1562 erat.
1832 1509 1932 1562 His
1990 1511 2159 1581 igitur

123 1582 413 1653 Theologis
452 1601 548 1651 per
586 1583 794 1653 aliquot
834 1585 945 1637 dies
985 1590 1111 1638 ante
1150 1585 1390 1648 articuli,
1432 1603 1589 1653 super
1629 1583 1822 1653 quibus
1862 1585 2158 1637 sententias

123 1656 323 1709 dicturi
371 1662 553 1722 erant,
607 1659 998 1712 exhibebantur
1039 1679 1146 1712 una
1187 1670 1306 1713 'cum
1345 1659 1664 1728 quibusdam
1701 1658 2156 1728 interrogatoriis,

122 1731 189 1783 ad
240 1750 375 1800 quae
431 1751 531 1801 pro
584 1733 819 1785 faciliori
871 1738 924 1787 et
970 1734 1171 1804 aptiori
1216 1734 1386 1803 ipsius
1445 1732 1712 1803 dogmatis
1765 1733 2158 1786 examinatione

90 1806 445 1874 'respondere
503 1810 842 1872 tenerentur,
910 1809 1241 1878 praescripta
1299 1808 1374 1860 eis
1432 1808 1606 1860 forma
1663 1811 1781 1859 tum
1839 1807 2042 1859 ordinis
2099 1808 2156 1859 in

121 1879 362 1944 dicendO,
410 1885 527 1934 tum
579 1882 773 1950 quibus
824 1883 1153 1936 testimoniis
1207 1902 1298 1936 seu
1345 1881 1773 1934 authoritatibus
1813 1899 1996 1934 eorum
2035 1900 2155 1934 sen-

122 1955 324 2007 tentiae
363 1955 545 2007 fulciri
584 1975 645 2008 ac
684 1958 942 2026 explicari
981 1959 1251 2010 deberent.
1318 1955 1458 2009 Nam
1496 1957 1554 2008 in
1594 1955 1878 2008 sententiis
1919 1956 2154 2008 dicendis

125 2030 222 2081 sub
274 2028 440 2082 Paulo
482 2029 566 2082 ΙΙΙ
615 2032 765 2083 nulla
816 2051 1037 2101 prorsus
1088 2050 1441 2102 personarum
1487 2031 1628 2083 ratio
1681 2029 1864 2082 habita
1903 2033 2010 2094 est,
2066 2031 2156 2082 sed

123 2103 356 2171 primum
397 2105 488 2173 qui
536 2105 593 2157 in
635 2106 820 2174 primis
860 2107 1088 2159 scamnis
1129 2107 1501 2168 consederunt,
1542 2105 1649 2157 nisi
1686 2105 1829 2157 forte
1865 2104 2058 2172 aliquis
2098 2105 2155 2156 in

121 2177 299 2246 aliqua
343 2179 662 2247 particulari
715 2181 982 2251 dignitate
1034 2183 1118 2233 vel
1167 2181 1338 2251 gradu
1390 2179 1721 2232 constitutus
1761 2181 1926 2241 esset,
1968 2178 2153 2246 loque—

124 2251 346 2315 bantur3
399 2254 496 2306 sub
534 2253 680 2306 Julio
732 2259 912 2308 autem
952 2256 1034 2308 III
1085 2257 1129 2308 is
1189 2255 1319 2308 ordo
1362 2255 1675 2307 observatus
1715 2257 1823 2316 est,
1876 2255 1938 2304 ut
1977 2253 2151 2320 primo

122 2327 272 2379 missi
309 2346 340 2379 a
379 2326 431 2380 S.
472 2327 538 2380 D.
580 2327 646 2381 N.
689 2329 1057 2399 loquerentur,
1099 2330 1288 2382 deinde
1327 2329 1392 2381 ab
1421 2328 1767 2397 Imperatore,
1811 2325 1881 2380 3.⁰
1918 2345 1949 2378 a
1982 2325 2153 2378 Maria

119 2401 308 2471 regina
347 2401 659 2471 Hungariae
699 2405 859 2456 vidua
898 2423 962 2457 ex
1002 2403 1294 2473 Gymnasio
1337 2402 1676 2465 Lovaniensi,
1718 2401 1899 2453 nullus
1938 2400 2081 2451 enim
2119 2420 2150 2452 a

119 2493 438 2545 quocunque
487 2478 553 2529 ab
606 2478 755 2546 (ex‘?)
815 2480 936 2532 aliis
977 2479 1215 2549 Regibus
1268 2478 1460 2530 missus
1499 2479 1697 2539 fuerat,
1753 2477 1824 2528 4.⁰
1862 2474 1955 2543 qui
1994 2478 2151 2527 erant

117 2550 260 2618 apud
301 2550 632 2616 CardinaleS,
676 2555 745 2606 5.⁰
782 2554 924 2622 apud
964 2573 1004 2606 8.
1047 2553 1267 2623 Imperii
1307 2552 1608 2614 Electores,
1652 2549 1721 2603 6.⁰
1759 2549 1898 2618 apud
1938 2548 2148 2600 Praela-

115 2627 219 2688 108,
265 2629 333 2677 7.ο
358 2624 652 2696 Regulares
693 2629 834 2696 apud
874 2647 1058 2681 eorum
1086 2627 1371 2681 Generales
1404 2628 1563 2696 juxta
1601 2643 1817 2677 suarum
1842 2623 2148 2692 regularum

118 2697 449 2753 institutum.
529 2699 605 2754 At
653 2703 751 2754 sub
791 2701 888 2755 Pio
929 2702 1008 2755 IV
1063 2703 1198 2755 ortis
1250 2702 1392 2754 inter
1433 2699 1688 2753 Oratores
1739 2698 1940 2751 scilicet
1988 2696 2146 2748 Prin-

115 2772 311 2841 cipum,
353 2775 446 2842 qui
484 2775 646 2828 etiam
684 2776 989 2846 Theologos
1026 2777 1087 2828 ad
1131 2775 1431 2829 Concilium
1469 2775 1882 2834 destinaverant,
1923 2775 2146 2823 conten·

113 2846 353 2901 tionibus
417 2849 481 2901 de
521 2851 920 2919 praecedentia,
972 2850 1289 2918 praesertim
1339 2849 1480 2901 inter
1529 2844 2043 2900 Christianissimum
2091 2849 2144 2898 61

116 2919 456 2975 Catholicum
508 2923 732 2995 Regem,
793 2943 1023 2994 quorum
1080 2928 1306 2992 uterque
1363 2922 1624 2992 plurimos
1682 2924 1734 2973 et
1793 2938 1881 2972 eos
1933 2918 2143 2987 quidem

117 2996 508 3051 eruditissimos
541 3000 778 3064 miserat,
814 2999 964 3051 nulla
1001 2998 1183 3050 habita
1211 2998 1416 3067 Regum
1445 2997 1528 3048 vel
1561 2994 1876 3063 Principum
1909 2993 2140 3057 ratione,

118 3069 332 3138 loquuti
389 3077 518 3126 sunt
560 3075 719 3143 juxta
769 3092 953 3126 eorum
991 3072 1054 3124 ad
1094 3071 1435 3124 doctoratum
1474 3069 1559 3122 vel
1598 3068 1978 3138 Magistratum
2018 3086 2143 3135 pro-

116 3145 408 3198 motionem
446 3147 750 3216 quicunque
787 3148 878 3199 1116
915 3148 1071 3209 68861,
1111 3146 1195 3197 vel
1219 3144 1505 3197 saecularis
1542 3144 1626 3195 vel
1651 3142 1928 3212 regularis.
1989 3141 2141 3203 Quod

115 3218 275 3271 ctiam
321 3219 379 3272 in
418 3220 867 3274 Procuratoribus
906 3221 1275 3273 Praelatorum
1324 3217 1649 3281 absentium,
1701 3235 1824 3269 nam
1874 3220 1929 3268 et
1975 3215 2032 3267 hi
2082 3216 2140 3268 in

114 3290 420 3362 hujusmodi
459 3295 984 3365 Congregationibus
1022 3293 1317 3346 sententias
1356 3292 1619 3355 dicebant,
1661 3291 1999 3344 observatum
2039 3294 2137 3355 est,

115 3365 400 3422 dummodo
455 3371 695 3422 omnium
746 3369 906 3437 primi
955 3371 1159 3431 essent,
1213 3367 1306 3435 qui
1353 3365 1609 3419 destinati
1655 3369 1810 3418 erant
1847 3385 1878 3418 a
1919 3363 2136 3417 Summo

116 3439 394 3506 Pontifice,
433 3444 497 3495 de
535 3442 731 3512 quibus
770 3443 918 3495 nulla
956 3459 1190 3510 unquam
1227 3439 1592 3493 controversia
1631 3443 1752 3493 orta
1790 3443 1887 3493 est.
1945 3437 2136 3491 Modus

113 3518 293 3567 autem
337 3516 412 3569 eis
464 3517 711 3570 omnibus
749 3516 1111 3584 praescriptus
1149 3514 1237 3567 hic
1276 3517 1406 3568 erat.
1484 3513 1792 3568 Sententiae
1829 3533 1923 3583 per
1961 3512 2135 3565 Theo-

113 3587 267 3659 logos
315 3587 567 3643 dicendae
617 3590 948 3644 deducantur
985 3609 1016 3641 a
1053 3608 1095 3642 8.
1136 3588 1428 3657 scriptura,
1469 3588 1857 3643 traditionibus
1895 3586 2133 3655 Aposto-

0 3681 6 3696 ·
112 3661 319 3727 lorum,
359 3665 523 3718 sacris
562 3667 617 3717 et
652 3664 965 3733 approbatis
1005 3662 1286 3728 Conciliis,
1327 3661 1665 3716 Summorum
1704 3662 2030 3716 Pontificum
2079 3664 2134 3714 et
