2612 4062
2099 277 2204 328 231

159 416 311 486 eique
349 416 415 469 ad
456 415 936 486 pedesposuerint,
979 438 1041 472 ea
1066 423 1254 489 postea
1291 422 1357 474 ab
1397 440 1458 475 eo
1486 425 1748 492 tanquam
1775 421 1932 474 feuda
1965 422 2206 492 accipere

159 491 416 554 volentes,
457 495 539 544 est
578 491 684 543 alia
722 509 824 544 res.
890 491 1138 547 Potestas
1179 514 1337 564 quam
1378 496 1484 548 isto
1520 498 1643 566 jure
1671 496 1966 561 exercebat,
2009 501 2071 551 ut
2109 517 2207 567 par

161 567 294 628 erat,
338 564 495 618 desiit
524 564 736 634 quando
765 565 859 618 isti
887 565 1163 636 Principes
1191 569 1532 638 temporales,
1563 570 1655 640 qui
1684 570 2059 636 contulissent,
2090 590 2205 624 eam

158 639 476 692 subtrahere
502 639 809 693 voluerunt.
853 639 1102 694 Potestas
1137 644 1249 712 ejus
1285 643 1586 713 spiritualis
1615 663 1726 698 non
1754 645 1848 698 dat
1869 645 1913 698 ei
1936 647 2025 715 jus
2053 665 2207 717 reges

159 713 457 782 deponere,
509 717 603 766 aut
653 731 841 766 eorum
894 715 1137 768 subditos
1171 718 1483 784 juramento
1534 719 1790 772 lealitalis
1829 719 1897 772 iis
1939 719 2204 791 (regibus)

158 787 368 840 debitae
407 788 628 842 solvere.
696 787 1079 858 Quodcumque
1119 791 1279 844 istius
1331 792 1545 862 generis
1573 797 1906 848 attentatum
1943 798 2205 865 tanquam

159 860 471 932 Scripturae
510 866 564 915 et
603 862 911 915 Traditioni
953 865 1290 918 contrarium
1331 885 1614 922 censerem.

653 1023 787 1078 Rssv.
829 1024 926 1078 DS.
970 1025 1239 1081 OLIVERUS
1279 1027 1481 1093 KELLY,
1524 1028 1589 1082 D.
1632 1029 1698 1083 D.

832 1112 1212 1172 (Archiepiscopus
1246 1115 1519 1172 Tuamensis)

918 1239 1001 1288 22
1042 1234 1244 1289 Martii
1281 1240 1441 1290 1825.

300 1345 342 1398 I.
384 1343 544 1398 Anne
596 1345 771 1398 clerus
819 1344 1411 1400 Romano-Catholicus
1462 1351 1647 1401 teneat
1687 1365 1871 1400 omnes
1913 1347 2200 1404 Pontificis

154 1419 327 1473 bullas
369 1420 727 1473 obedientiam
768 1419 1015 1490 exigere?

301 1494 366 1548 R.
407 1494 672 1549 Doctrina
693 1493 1374 1548 Romano-Catholicorum
1415 1496 1479 1547 de
1507 1495 1681 1549 Bullis
1710 1495 2038 1549 Pontificum
2069 1497 2199 1552 haec

154 1573 263 1631 est;
305 1587 391 1621 eas
431 1587 638 1638 semper
681 1587 799 1622 cum
840 1569 1184 1622 observantia
1223 1570 1448 1622 tractari
1489 1570 1705 1622 debere:
1755 1570 1801 1623 si
1841 1575 2022 1624 autem
2062 1571 2199 1625 istae

152 1643 341 1696 Bullae
378 1647 472 1697 aut
500 1644 786 1712 Rescripta
812 1643 1142 1696 Pontificum
1162 1644 1458 1714 respiciant
1486 1644 1779 1707 doctrinas,
1824 1663 1919 1697 seu
1944 1646 2197 1699 materias

154 1736 288 1788 quae
336 1737 456 1770 cum
495 1718 781 1788 disciplina
820 1719 1166 1771 ecclesiarum
1204 1719 1642 1787 particularium,
1694 1719 1762 1771 ad
1803 1738 1933 1787 quas
1973 1720 2201 1773 mittan-

153 1797 244 1846 tur
297 1793 546 1861 componi
604 1797 904 1862 nequeant3
964 1793 1204 1845 muneris
1263 1793 1348 1845 sui
1408 1812 1518 1846 esse
1573 1794 1781 1846 ducunt
1837 1793 2020 1847 debita
2079 1813 2200 1847 cum

154 1867 455 1920 reverentia
503 1871 896 1930 remonstrare,
951 1871 1006 1920 et
1056 1886 1167 1920 non
1218 1868 1453 1936 recipere
1494 1867 1729 1939 Regulas
1771 1886 1904 1937 quae
1945 1868 2002 1920 in
2042 1867 2200 1922 Bulla

154 1960 245 1996 seu
285 1941 570 2011 Rescripto
610 1962 641 1995 a
680 1941 946 1995 Pontifice
986 1942 1341 2012 proveniente
1383 1942 1786 1997 contineantur.

683 2106 818 2160 REv.
859 2105 925 2159 D.
967 2104 1199 2160 JACOBUS
1240 2106 1440 2160 DOYLE.
1483 2105 1549 2160 D.
1591 2104 1656 2160 D.

912 2245 985 2294 21
1023 2240 1227 2294 Martii
1266 2243 1427 2294 1825.

298 2351 339 2405 Ι.
382 2350 540 2405 Anne
565 2354 748 2421 potest
787 2369 1054 2420 exponere
1095 2350 1153 2402 in
1181 2368 1287 2419 quo
1318 2367 1548 2402 canones
1575 2348 1877 2401 nationales
1916 2348 1972 2401 in
2000 2347 2195 2402 Hiber-

150 2427 242 2479 nia
280 2427 502 2496 recepti,
543 2430 640 2480 aut
678 2427 971 2479 canonibus
1010 2425 1352 2496 generalibus
1392 2424 1599 2493 adjecta
1626 2441 1990 2492 quaecumque
2018 2423 2194 2477 inter-

150 2501 404 2571 pretatiO,
448 2501 707 2554 differunt
746 2502 811 2553 ab
853 2500 920 2553 iis
962 2500 1054 2570 qui
1093 2501 1151 2551 in
1190 2500 1312 2551 aliis
1352 2498 1666 2568 regionibus
1706 2501 2099 2566 acceptantur?

299 2576 363 2629 R.
408 2575 492 2629 Sit
530 2577 587 2628 in
628 2575 955 2645 exemplum,
1010 2574 1250 2627 Ecclesia
1288 2573 1633 2642 particularis
1675 2570 2046 2640 (nationalis),
2103 2591 2193 2625 seu

151 2669 381 2703 canones
445 2650 715 2703 Ecclesiae
774 2649 1158 2720 particularis,
1226 2648 1447 2701 definire
1510 2650 1734 2717 possent
1795 2646 2188 2700 authoritatem

152 2724 378 2778 Concilii
419 2724 696 2778 Generalis
751 2724 1087 2778 authoritate
1126 2723 1408 2776 Pontificis
1461 2722 1792 2791 superiorem
1832 2739 1972 2782 esse;
2033 2721 2192 2791 Ejus-

149 2800 295 2853 modi
336 2818 538 2864 canon,
600 2800 829 2869 exempli
866 2799 1071 2869 gratia,
1125 2798 1182 2849 in
1223 2796 1483 2850 Hibernia
1533 2800 1628 2849 aut
1666 2795 1725 2847 in
1764 2793 1967 2859 Gallia,
2027 2795 2192 2865 recipi

150 2874 339 2944 possit,
380 2878 434 2928 et
472 2875 530 2927 in
570 2874 728 2927 Italia
767 2878 861 2926 aut
902 2873 959 2924 in
997 2872 1260 2941 Hispania
1299 2890 1410 2923 non
1449 2870 1630 2939 recipi.

297 2949 338 3002 I.
380 2948 539 3001 Anne
577 2948 825 3020 agnoscit
863 2947 1102 2999 Ecclesia
1137 2945 1412 2998 Catholica
1450 2942 2019 2997 Romano-Hibernica
2046 2942 2189 2996 Pon-

150 3022 314 3076 tificis
355 3023 747 3077 authoritatem
786 3022 844 3074 in
883 3021 1042 3073 rebus
1082 3020 1204 3072 fidei
1244 3024 1298 3072 et
1336 3019 1577 3071 moribus
1617 3035 1919 3086 supremam
1960 3021 2109 3070 esse?

296 3097 358 3149 R.
401 3097 762 3168 Agnoscimus
803 3115 920 3148 eum
961 3113 1072 3147 esse
1113 3093 1288 3162 Caput
1325 3097 1543 3145 nostrae
1583 3092 1850 3155 ecclesiae,
1892 3094 1946 3144 et
1985 3091 2185 3146 idcirco

149 3171 197 3224 ei
237 3176 562 3240 potestatem
602 3171 932 3224 executivam
972 3167 1278 3221 tribuimus.
1348 3167 1450 3218 Illa
1480 3165 1767 3234 (potestas)
1809 3168 1989 3218 autem
2017 3167 2183 3220 sacris

148 3247 441 3300 canonibus
480 3246 776 3299 limitatur:
819 3263 988 3297 novos
1028 3242 1152 3293 fidei
1191 3241 1447 3293 articulos
1488 3240 1713 3292 condere
1751 3239 1955 3308 nequit.

295 3320 338 3373 I.
379 3319 538 3372 Anne
576 3320 764 3372 Bullae
803 3316 1122 3370 Pontificiae
1162 3315 1219 3366 in
1258 3313 1518 3366 Hibernia
1556 3314 1929 3382 recipiuntur?

295 3394 361 3447 R.
402 3394 488 3447 Ita
527 3398 623 3446 est.
682 3393 895 3445 Bullam
933 3395 1112 3443 autem
1151 3407 1284 3458 quae
1318 3390 1442 3457 jura
1468 3392 1673 3452 nostra,
1714 3391 1972 3457 tanquam
1999 3388 2183 3442 Eccle-

149 3469 284 3521 siam
321 3466 681 3529 Nationalem,
722 3470 989 3536 tangeret,
1030 3482 1141 3516 non
1180 3462 1548 3531 reciperemus

294 3541 336 3593 Ι.
393 3541 586 3594 Nonne
651 3539 914 3593 Catholici
972 3541 1253 3599 tenentur,
1320 3535 1443 3587 fidei
1501 3535 1835 3605 professione
1893 3535 2180 3590 Pontificis

147 3614 235 3667 Pii
273 3614 378 3678 IV,
433 3614 681 3685 profiteri
719 3618 774 3666 et
811 3614 1046 3682 recipere
1084 3628 1446 3680 quaecumque
1484 3628 1514 3662 a
1554 3609 1862 3664 Canonibus
1902 3629 1994 3664 seu
2035 3609 2177 3666 Con-

151 3689 290 3744 ciliis
330 3688 677 3744 Generalibus
715 3687 934 3754 tradita,
976 3685 1197 3743 definita
1237 3702 1329 3741 seu
1369 3683 1637 3741 declarata
1675 3685 1921 3742 fuerint?
