2612 4062
2072 191 2180 242 283

137 329 195 382 in
245 348 438 399 genere
490 331 712 385 testium
763 333 1061 385 necessaria
1107 334 1441 401 declaretur,
1504 356 1609 407 qua
1657 338 1777 408 lege
1829 335 2177 390 matrimonia

143 404 334 457 stricte
388 405 722 458 clandestina
780 406 911 459 satis
967 413 1308 474 arcerentur,
1369 414 1421 463 et
1481 411 1886 465 matrimonium
1940 410 1997 462 in
2058 410 2178 463 foro

142 482 364 531 externo
405 479 626 547 probari
664 483 861 547 posset.
943 479 1338 535 Severissimam
1393 488 1630 539 ceterum
1674 486 1847 556 legem
1880 483 2180 554 praecepti-

142 571 260 604 vam
337 552 632 605 addendam
713 554 935 618 volunt,
1006 559 1068 608 ut
1137 558 1540 611 matrimonium
1611 559 1668 611 in
1737 559 1875 612 facie
1931 557 2181 610 ecclesiae

143 626 522 692 contrahatur,
584 627 661 678 ita
719 630 780 679 ut
836 630 1302 683 contravenientes
1361 651 1471 685 non
1529 637 1739 686 tantum
1807 632 2179 686 sacramentali

142 700 481 753 absolutione
533 700 746 771 indigni
786 707 1106 755 censeantur
1157 705 1247 756 sed
1298 706 1416 758 aliis
1457 726 1667 776 quoque
1709 707 1894 775 poenis
1935 706 2180 759 ecclesia-

142 774 290 827 sticis
330 775 649 828 multentur.
730 774 1028 844 Utramque
1068 778 1378 846 opinionem
1418 781 1648 849 sapienti
1688 780 1910 834 Patrum
1950 779 2180 833 Concilii

135 848 339 918 judicio
366 849 740 918 proponimUS,
770 850 872 901 etsi
898 850 1138 904 rationes
1179 871 1279 921 pro
1318 855 1681 907 conservando
1711 855 1923 908 decreto
1952 854 2180 906 Triden-

141 923 262 976 tino
303 923 543 991 potiores
585 941 696 975 esse
737 922 1037 976 videantur.

291 1002 337 1050 2.
380 996 445 1049 In
494 997 679 1049 multis
731 996 1128 1066 impedimentis
1178 1001 1549 1054 dirimentibus
1597 1021 1638 1054 e.
1691 1022 1742 1073 g.
1796 1001 2180 1073 consanguini-

139 1072 268 1124 tatis
310 1074 363 1124 et
401 1071 693 1124 affinitatis
738 1076 784 1125 3.
816 1076 869 1124 et
906 1078 954 1124 4.
995 1073 1210 1142 gradus,
1251 1075 1497 1143 publicae
1538 1076 1852 1140 honestatis,
1893 1077 2180 1129 affinitatis

141 1146 333 1214 copula
373 1164 436 1197 ex
487 1145 681 1198 illicita
733 1146 919 1198 saltem
962 1148 1133 1216 gradu
1176 1153 1222 1201 2.
1265 1153 1319 1202 et
1362 1155 1432 1212 3.‚
1483 1151 1824 1220 cognationis
1863 1149 2180 1220 spiritualiS,

141 1220 603 1288 dispensentiones
643 1221 754 1271 fere
782 1239 991 1290 semper
1031 1225 1085 1274 et
1123 1240 1186 1273 ex
1206 1223 1498 1276 levioribus
1540 1224 1711 1277 causis
1747 1225 1962 1278 concedi
1987 1225 2180 1287 solent,

140 1294 218 1347 ita
271 1298 334 1347 ut
383 1295 469 1346 lex
506 1294 728 1347 irritans
779 1295 890 1346 fere
941 1314 1035 1364 per
1089 1298 1429 1366 exceptiones
1482 1298 1622 1350 solas
1662 1299 1808 1351 vivat
1848 1303 1901 1352 et
1938 1299 2180 1369 vigorem

141 1387 296 1421 suum
360 1373 584 1421 exserat.
688 1367 766 1421 Ut
823 1388 951 1421 ansa
1009 1371 1237 1422 tollatur
1307 1372 1581 1424 ecclesiam
1640 1373 1951 1435 cavillandi,
2017 1391 2076 1425 ac
2135 1371 2181 1423 si

139 1447 363 1511 propter
415 1446 661 1498 taxarum
721 1448 1004 1512 quaestum
1064 1444 1194 1497 haec
1244 1445 1627 1514 impedimenta
1677 1446 1935 1510 retineat,
1996 1464 2181 1498 eorum

139 1517 380 1570 reductio
433 1517 734 1586 exoptanda
787 1517 1016 1570 videtur.
1095 1519 1160 1570 In
1201 1520 1390 1572 ceteris
1431 1520 1679 1573 arctioris
1718 1521 1916 1590 gradus
1956 1519 2180 1588 impedi-

139 1591 351 1654 mentiS,
395 1610 623 1660 quorum
665 1591 995 1660 dispensatio
1032 1595 1153 1662 jure
1193 1593 1468 1645 difficilior
1510 1598 1563 1645 et
1602 1594 1777 1647 rarior
1818 1594 1890 1647 sit
1944 1597 2178 1663 oportet,

139 1666 425 1734 ampliores
452 1666 736 1719 facultates
765 1666 1029 1734 episcopis
1071 1668 1420 1719 conferendae
1460 1668 1729 1731 videntur,
1770 1669 1846 1720 ita
1887 1672 1949 1721 ut
1974 1667 2181 1737 gravis-

139 1739 258 1791 simi
299 1743 516 1792 tantum
557 1759 709 1793 casus
749 1741 814 1792 ad
855 1740 1120 1793 directum
1161 1739 1387 1794 Sanctae
1429 1741 1578 1794 Sedis
1619 1742 1862 1795 tribunal
1900 1743 2179 1811 perferan-

138 1818 258 1877 tur,
300 1833 366 1866 ne
406 1815 624 1886 longior
663 1815 924 1883 temporis
964 1834 1144 1879 mora,
1186 1819 1249 1868 ut
1289 1834 1396 1868 non
1442 1835 1564 1868 raro
1605 1816 1829 1879 accidit,
1873 1815 2179 1885 petentibus

138 1887 517 1941 difficultatem
556 1890 640 1941 vel
681 1890 934 1941 damnum
983 1891 1188 1943 afferat.
1267 1891 1443 1942 Taxae
1496 1908 1622 1942 vero
1676 1891 1734 1942 in
1786 1895 2016 1959 utroque
2057 1908 2180 1941 casu

143 1963 436 2032 quotannis
479 1965 781 2033 computari
822 1968 875 2016 et
915 1965 1167 2017 collectae
1208 1965 1273 2016 ad
1315 1964 1516 2016 curiam
1558 1983 1651 2032 per
1693 1965 1997 2033 episcopum
2036 1963 2183 2016 mitti

141 2041 416 2105 poterunt.

293 2117 339 2165 3.
382 2111 464 2163 Ex
502 2113 839 2178 sponsalibus
878 2132 988 2165 non
1027 2132 1193 2181 parva
1234 2113 1290 2165 in
1333 2131 1459 2165 cura
1487 2113 1784 2164 animarum
1827 2113 2001 2165 oritur
2029 2111 2176 2163 diffi-

143 2186 332 2250 cultas,
362 2205 525 2255 quum
553 2188 697 2257 leges
726 2187 906 2239 civiles
934 2188 1250 2257 plerumque
1277 2187 1488 2239 nullum
1515 2187 1844 2256 adjutorium
1872 2186 2178 2255 praebeant,

144 2279 250 2329 quo
289 2261 523 2330 injustus
564 2280 750 2314 eorum
771 2262 1005 2314 violator
1033 2262 1098 2314 ad
1126 2261 1551 2315 satisfactionem
1580 2261 1698 2330 cogi
1727 2261 1912 2329 possit.
1974 2259 2182 2311 Exinde

142 2334 339 2387 levitas
392 2340 446 2388 et
496 2336 643 2388 fraus
690 2336 747 2387 in
799 2336 1057 2388 faciendis
1109 2337 1228 2389 istis
1270 2335 1574 2405 promissiS‚
1628 2335 1685 2386 in
1738 2333 2014 2387 servandis
2056 2351 2181 2385 con-

146 2412 360 2462 temtus.
440 2408 524 2461 Ad
578 2411 940 2478 praecavenda
988 2412 1192 2480 majora
1245 2411 1383 2461 mala
1438 2409 1741 2462 consultum
1794 2408 2034 2468 videtur,
2086 2410 2180 2458 aut

145 2487 319 2536 totam
364 2484 526 2536 istam
575 2503 687 2536 rem
738 2484 803 2536 ad
858 2485 1030 2537 solum
1079 2485 1259 2537 forum
1310 2485 1586 2536 internum
1626 2483 1929 2544 remittere,
1970 2484 2023 2533 et
2061 2499 2181 2532 reos

145 2556 203 2608 in
243 2558 572 2611 conscientia
612 2577 851 2622 onerare,
895 2563 956 2611 ut
997 2558 1352 2621 satisfaciant,
1394 2566 1488 2609 aut
1528 2557 1717 2610 saltem
1756 2556 1985 2608 formam
2013 2573 2182 2622 quan-

146 2631 262 2683 dam
322 2632 613 2685 solemnem
653 2633 1045 2702 praescribere,
1096 2651 1199 2701 qua
1240 2633 1352 2685 sola
1403 2632 1461 2683 in
1510 2631 1629 2683 foro
1672 2634 1892 2683 externo
1934 2628 2182 2680 ecclesiae

145 2707 377 2770 valeant,
419 2707 502 2760 uti
543 2710 588 2760 si
629 2726 808 2760 coram
850 2707 1056 2759 duobus
1096 2708 1326 2759 testibus
1366 2706 1466 2768 vel,
1510 2723 1687 2757 coram
1726 2703 2058 2773 parentibus,
2099 2702 2182 2753 vel

149 2797 329 2832 coram
368 2783 602 2849 parocho
643 2786 736 2834 aut
775 2781 1101 2850 magistratu
1139 2781 1276 2833 inita
1314 2779 1535 2831 fuerint.

294 2854 354 2907 B.
425 2855 654 2909 Casuum
712 2860 1132 2907 reservatorzcum
1189 2855 1371 2922 praxis
1423 2852 1922 2920 impraesentiarum
1974 2868 2033 2901 ea
2083 2852 2181 2911 est,

149 2947 282 2996 quae
329 2930 453 2998 plus
495 2932 674 2983 oneris
715 2928 1048 2990 confesariis,
1104 2946 1262 2996 quam
1314 2927 1443 2995 ipsis
1494 2925 1877 2979 confitentibus
1923 2923 2182 2992 imponat.

149 3001 273 3054 Non
312 3004 487 3056 solum
520 3005 787 3073 judicium
826 3004 888 3054 de
929 3001 1282 3063 contumacia,
1326 3018 1458 3068 quae
1498 3000 1562 3051 ad
1590 3017 1866 3051 censuram
1902 2998 2183 3049 incurren-

149 3077 270 3128 dam
305 3078 633 3146 requiritur,
677 3078 817 3130 haud
856 3096 978 3128 raro
1020 3093 1213 3143 anceps
1254 3078 1351 3136 est,
1393 3074 1482 3125 sed
1522 3077 1574 3125 et
1615 3092 1748 3125 onus
1788 3071 2183 3124 absolutionem

149 3152 478 3219 procurandi
538 3153 603 3203 ad
652 3151 1038 3204 confessarium
1095 3153 1156 3201 ut
1212 3149 1502 3216 plurimum
1556 3147 1876 3199 devolvitur.
1975 3143 2184 3213 Optant

149 3224 339 3288 multi,
392 3230 455 3278 ut
506 3244 616 3277 non
665 3227 771 3278 nisi
823 3223 1138 3294 gravissima
1189 3222 1383 3274 delicta
1437 3220 1619 3289 Papali
1664 3218 2020 3272 reservationi
2059 3218 2183 3270 sub-

146 3300 374 3366 jaceant,
417 3302 470 3351 et
507 3300 564 3350 in
604 3300 796 3352 ceteris
826 3298 1049 3359 casibUS,
1092 3314 1225 3364 quos
1259 3299 1348 3364 jus
1375 3295 1690 3347 canonicum
1716 3293 1978 3363 plurimos
2006 3292 2182 3355 habet,

151 3371 312 3424 etiam
362 3372 420 3423 in
476 3372 631 3424 Bulla
684 3372 887 3426 Coenae
946 3370 1242 3432 contentiS,
1302 3369 1566 3437 generalis
1615 3369 1845 3421 facultas
1902 3365 2183 3435 Episcopis

153 3446 489 3510 concedat-ur,
525 3447 732 3498 eosdem
773 3449 869 3498 aut
908 3444 1210 3513 specialiter
1251 3442 1352 3494 sibi
1378 3443 1701 3506 reservandi,
1743 3443 1788 3495 si
1828 3439 2184 3493 necessarium

153 3519 319 3572 fuerit
343 3560 355 3583 ,
429 3525 522 3572 aut
592 3520 901 3572 facultatem
974 3515 1331 3570 absolutionis
1406 3516 1754 3571 inferioribus
1819 3513 2183 3569 sacerdotibus

151 3594 452 3665 generatim
491 3593 886 3665 subdelegandi.
