2612 4062
2066 232 2174 283 209

287 374 368 429 De
418 377 607 431 fratris
657 378 928 432 sententia
979 379 1035 432 in
1089 399 1147 433 re
1185 379 1421 434 Honorii
1471 383 1534 434 ut
1571 397 1743 449 pauca
1780 378 1954 431 dicam
1991 381 2178 432 restat.

138 449 266 504 Non
316 454 398 504 est
435 453 632 505 mirum
684 471 765 516 se,
820 452 1048 524 collegii
1086 454 1295 508 Urbani
1335 455 1628 530 alumnum,
1669 457 1724 507 et
1762 451 1988 506 Sanctae
2029 450 2179 504 Sedis

138 525 622 589 studiosissimum,
676 544 795 578 eum
835 527 1023 580 mitius
1056 529 1341 597 judicasse.
1421 529 1526 583 Res
1580 528 1724 581 enim
1774 527 2014 580 nondum
2063 530 2180 579 erat

137 599 268 652 adeo
325 600 509 670 magni
554 601 813 653 momenti
870 604 996 654 ante
1054 607 1298 656 exortam
1348 606 1684 673 praesentem
1735 601 2178 664 controversiam,

137 673 362 742 ideoque
418 693 531 726 non
588 678 704 727 erat
757 675 994 744 eliquata
1046 695 1105 729 eo
1166 678 1323 731 modo
1377 697 1483 747 quo
1539 695 1685 730 nunc
1730 676 1985 730 videmus,
2063 674 2180 728 Hac

138 747 416 800 occasione
479 751 634 810 utor,
695 752 756 801 ut
805 751 1025 802 verbum
1072 751 1244 804 dicam
1294 753 1358 804 de
1410 753 1684 806 sententia
1722 743 2180 803 Reverendissimi

135 820 630 892 Rottenburgensis
689 823 748 874 in
795 824 1052 892 perdocta
1105 845 1200 878 sua
1251 827 1617 880 Conciliorum
1655 825 1903 879 Historia
1955 823 2177 886 tradita,

135 914 292 964 quam
348 914 467 948 cum
513 914 574 948 ea
619 890 779 965 quam
818 917 963 951 nunc
1005 905 1317 971 propugnat
1354 901 1498 953 haud
1535 900 1691 954 facile
1732 899 1984 968 componi
2022 917 2178 968 posse

134 969 276 1022 dixit
326 969 799 1023 Eminentissimus
853 972 1254 1038 Dubliniensis,
1314 994 1378 1028 ex
1434 974 1640 1028 Gallica
1696 975 1882 1027 forsan
1935 974 2179 1027 versione

133 1043 316 1112 potius
355 1062 515 1113 quam
553 1063 615 1097 ex
655 1064 818 1114 opere
856 1047 975 1116 ipso
1016 1049 1271 1102 notitiam
1311 1051 1425 1119 ejus
1451 1053 1744 1103 assecutus.
1803 1047 1951 1102 Ante
1975 1067 2176 1100 annum

133 1119 310 1186 ipsum
352 1137 486 1187 opus
526 1119 649 1190 legi,
692 1139 755 1172 ex
795 1139 963 1190 eoque
992 1122 1167 1190 primo
1208 1124 1388 1188 didici,
1430 1124 1574 1193 quod
1601 1123 1822 1192 propria
1851 1122 2176 1175 examinatio

132 1192 321 1244 deinde
359 1194 729 1259 confirmavit,
771 1195 986 1248 litteras
1024 1196 1260 1250 Honorii
1300 1199 1367 1251 ad
1408 1198 1656 1269 Sergium
1696 1198 1960 1250 nonnulla
2001 1197 2178 1250 conti-

131 1284 258 1318 nere
297 1285 432 1335 quae
472 1286 588 1320 cum
631 1288 761 1321 sana
801 1270 1049 1322 doctrina
1089 1274 1342 1342 componi
1382 1277 1666 1342 nequeant.

1092 1494 1212 1547 VII.

276 1622 474 1694 Magna
520 1626 686 1678 animi
726 1628 1005 1696 voluptate
1044 1629 1226 1681 audivi
1265 1628 1790 1682 Reverendissimum
1830 1630 2175 1684 Westmona-

130 1697 444 1759 steriensem
483 1718 655 1768 nuper
695 1701 752 1752 in
791 1702 893 1754 hoc
933 1707 1088 1756 coetu
1126 1707 1498 1772 perorantem3
1542 1708 1596 1757 et
1635 1705 1830 1757 dubius
1870 1706 2018 1758 haesi
2045 1707 2173 1775 quid

128 1771 250 1840 plus
273 1772 494 1838 ‘mirari,
536 1775 642 1826 viri
681 1776 1047 1844 eloquentiam
1087 1783 1182 1831 aut
1220 1778 1659 1831 ardentissimum
1702 1781 1814 1847 ejus
1843 1780 2081 1832 animum
2117 1782 2174 1833 in

130 1847 495 1914 promovenda
536 1852 590 1901 et
629 1850 779 1918 quasi
823 1851 1137 1919 imperanda
1176 1871 1317 1905 nova
1343 1852 1679 1906 definitione.
1733 1854 1966 1907 Lucidus
1994 1874 2174 1908 rerum

130 1920 290 1984 ordo,
343 1921 579 1975 delectus
621 1925 907 1977 verborum
946 1945 1169 1994 prorsus
1209 1927 1363 1991 felix,
1404 1928 1583 1998 gratia
1623 1929 1823 1997 eloquii
1863 1929 2172 1999 singulariS,

127 2013 438 2064 summaque
492 1998 790 2051 auctoritas
851 2004 905 2053 et
961 2001 1122 2052 animi
1185 2001 1420 2065 candor,
1487 2021 1621 2071 quae
1681 2003 1739 2054 in
1798 2021 1858 2055 eo
1918 2004 2174 2073 loquente

127 2069 498 2137 splendebant,
542 2090 623 2124 me
664 2074 817 2142 quasi
858 2079 1154 2145 coegerunt
1193 2076 1251 2128 in
1292 2094 1475 2129 vocem
1516 2095 1818 2146 erumpere:
1859 2078 2014 2130 *Talis
2056 2098 2174 2131 cum

124 2143 224 2207 siS,
286 2144 493 2197 utinam
546 2150 732 2199 noster
789 2152 957 2201 esses!
1036 2149 1175 2202 Eum
1222 2155 1405 2203 tamen
1453 2151 1581 2203 dum
1636 2152 1878 2204 audirem
1930 2153 2063 2204 mihi
2114 2154 2170 2205 in

126 2221 359 2270 mentem
408 2220 561 2273 venit
618 2222 762 2290 quod
817 2223 879 2275 de
918 2223 1116 2295 Anglis
1169 2225 1227 2277 in
1267 2224 1531 2278 Hibernia
1579 2226 1982 2279 considentibus
2043 2228 2173 2280 olim

125 2291 230 2343 dici
296 2295 612 2360 consuevit,
687 2314 776 2349 eos
847 2316 1039 2367 nempe
1105 2299 1237 2367 ipsis
1305 2299 1562 2352 Hibernis
1626 2300 1978 2354 Hiberniores
2044 2321 2171 2354 esse.

123 2365 433 2420 Reverdms.
487 2368 708 2422 Praesul
760 2375 842 2424 est
894 2377 1038 2426 certe
1088 2374 1260 2444 magis
1313 2374 1622 2428 Catholicus
1682 2394 1837 2443 quan]
1900 2379 2172 2445 quotquot

124 2439 230 2492 huc
270 2460 438 2510 usque
478 2443 870 2498 catholicorum
910 2448 1168 2500 noverim.
1249 2447 1477 2500 Nullum
1516 2449 1738 2501 dubium
1778 2450 1841 2501 de
1881 2449 2172 2504 Pontificia

125 2513 527 2570 Infallibilitate
568 2550 635 2556 —
675 2522 974 2587 personali,
1040 2526 1287 2590 separata
1346 2527 1397 2576 et
1462 2524 1739 2586 absoluta,
1796 2555 1861 2561 ——
1904 2530 2000 2577 aut
2058 2525 2172 2594 ipse

125 2587 311 2653 habet,
371 2594 466 2643 aut
518 2592 638 2645 aliis
698 2597 759 2646 ut
813 2595 1048 2649 habeant
1099 2598 1417 2665 permittere
1466 2598 1599 2650 vult.
1679 2598 1813 2650 Eam
1869 2598 2172 2651 doctrinam

126 2680 238 2715 esse
290 2663 415 2716 fidei
454 2669 672 2731 asserit,
730 2686 950 2739 eamque
990 2674 1053 2723 ut
1094 2672 1254 2724 talem
1293 2691 1325 2724 a
1365 2671 1608 2725 Concilio
1649 2671 1915 2725 Vaticano
1957 2673 2169 2725 definiri

127 2755 240 2789 non
295 2741 407 2790 tam
466 2742 709 2808 postulat
767 2763 924 2812 quam
983 2745 1278 2814 praedicit,
1338 2765 1486 2799 more
1545 2747 1730 2798 forsan
1781 2747 2171 2816 prophetarum

127 2809 388 2876 istorum,
442 2815 536 2882 qui
594 2820 817 2870 eventus
863 2838 894 2870 a
935 2838 989 2871 se
1029 2820 1294 2888 praedicti
1341 2820 1470 2872 dent
1523 2839 1740 2889 operam
1794 2826 1855 2874 ut
1907 2821 2057 2874 fiant.
2102 2853 2168 2859 —

129 2883 216 2936 Me
266 2886 411 2955 quod
448 2888 674 2954 attinet,
730 2910 888 2960 quem
927 2894 1208 2963 sexaginta
1247 2894 1357 2946 fere
1395 2913 1664 2946 annorum
1704 2895 2066 2963 experientia,
2108 2914 2170 2948 ex

129 3062 309 3106 articles
338 3062 386 3106 of
412 3062 550 3108 faith:
591 3064 670 3110 We
701 3065 788 3110 had
819 3065 980 3123 always
1013 3067 1207 3123 thought
1238 3067 1340 3113 that
1371 3069 1462 3112 this
1494 3083 1581 3112 was
1613 3070 1688 3113 the
1721 3070 1934 3114 exclusive
1966 3072 2169 3127 province

130 3121 180 3164 of
205 3122 384 3179 general
416 3124 621 3177 councils,
655 3126 739 3169 and
771 3126 898 3169 when
929 3126 1035 3182 they
1065 3140 1175 3171 were
1207 3131 1285 3171 not
1315 3129 1362 3172 in
1391 3129 1569 3179 session,
1602 3129 1650 3171 of
1676 3129 1752 3172 the
1782 3131 1951 3174 Roman
1978 3132 2168 3175 Pontiffs

130 3181 241 3224 with
282 3182 360 3225 the
403 3186 585 3227 consent
627 3198 675 3227 or
715 3187 1015 3242 acquiescence
1058 3186 1106 3228 of
1147 3187 1225 3230 the
1266 3187 1380 3244 body
1422 3194 1463 3231 ot
1495 3188 1674 3244 bishops
1706 3188 1927 3245 dispersed
1958 3204 2059 3234 over
2090 3192 2168 3235 the

131 3239 280 3284 world.
342 3241 421 3285 We
466 3243 554 3285 had
599 3244 692 3286 also
730 3245 778 3288 in
821 3259 898 3288 our
941 3244 1179 3302 simplicity
1220 3246 1444 3299 believed,
1492 3247 1594 3290 that
1642 3262 1751 3291 even
1796 3249 1922 3293 these
1969 3250 2042 3293 did
2090 3254 2167 3294 not

132 3299 292 3356 always
322 3299 469 3344 decide
501 3316 555 3344 on
588 3304 894 3348 controverted
925 3305 1098 3361 points,
1129 3306 1210 3349 but
1242 3308 1346 3362 only
1376 3307 1422 3349 in
1453 3320 1571 3349 cases
1601 3307 1647 3350 in
1680 3308 1819 3351 which
1851 3309 1928 3353 the
1959 3310 2168 3367 teaching

133 3358 182 3401 of
206 3359 448 3403 revelation
484 3374 574 3403 was
617 3361 734 3405 clear
765 3363 853 3407 and
884 3364 1085 3420 explicit3
1133 3365 1219 3408 and
1250 3365 1352 3409 that
1383 3367 1429 3408 in
1461 3367 1588 3410 other
1619 3369 1829 3419 matterS,
1873 3368 1979 3425 they
2011 3371 2162 3426 wisely

134 3417 319 3462 allowed
350 3433 378 3463 a
407 3419 660 3464 reasonable
691 3422 880 3466 latitude
913 3424 960 3466 of
988 3423 1174 3478 opinion.
1223 3425 1312 3468 But
1336 3424 1604 3482 D'Aubigny
1633 3427 1712 3470 has
1743 3428 1907 3484 taught
1924 3443 1974 3471 us
1990 3429 2163 3472 better!

135 3476 205 3520 He
245 3477 386 3521 would
424 3479 535 3521 then
563 3478 674 3524 have
705 3495 756 3523 us
786 3483 833 3525 to
863 3482 1030 3526 believe
1061 3482 1162 3526 that
1193 3483 1361 3526 Roman
1395 3483 1614 3528 Catholics
1653 3500 1726 3529 are
1757 3486 1902 3531 bound
1933 3489 2047 3531 hand
2082 3489 2166 3531 aud

137 3535 255 3587 foot,
287 3535 402 3594 body
431 3537 518 3580 and
549 3538 656 3591 soal,
689 3539 776 3583 and
806 3540 910 3585 that
939 3542 1045 3596 they
1076 3555 1148 3584 are
1180 3546 1258 3586 not
1289 3543 1472 3587 allowed
1503 3558 1607 3588 even
1639 3547 1687 3588 to
1717 3545 1878 3590 reflect.
1897 3563 1914 3587 >
1981 3548 2165 3603 History

139 3593 188 3638 of
212 3594 290 3638 the
318 3595 620 3641 Reformation
649 3598 709 3654 by
726 3599 892 3643 Martin
921 3600 1036 3644 John
1053 3599 1266 3658 Spalding
1280 3602 1555 3661 Archbishop
1588 3603 1637 3648 of
1651 3605 1907 3659 Baltimore‚
1943 3609 1967 3649 5
1998 3607 2165 3650 revised

136 3653 317 3703 edition.
374 3655 628 3700 Baltimore.
662 3660 789 3702 1866.
819 3673 861 3718 p.
895 3663 979 3705 318
1009 3659 1094 3703 vol.
1125 3659 1155 3702 1.

1816 3743 1870 3786 14
