2612 4062
2056 212 2163 264 273

120 355 337 426 Synodo
381 355 606 410 tractari
643 375 757 410 non
796 360 1008 426 potest,
1064 361 1125 412 ut
1165 362 1297 428 puta
1335 359 1401 412 ad
1443 359 1773 412 conficienda
1812 359 2053 422 decreta,
2094 358 2160 411 ad

119 430 462 484 formandum
517 449 836 499 responsum
895 431 1128 484 dandum
1185 434 1346 485 alicui
1403 431 1719 503 Principum
1771 432 2021 497 Oratori,
2079 432 2164 484 vel

120 505 256 558 aliis.
334 503 471 557 Item
510 505 576 556 ad
614 504 920 573 recipienda
959 507 1044 558 vel
1084 508 1432 559 examinanda
1470 508 1738 571 mandata,
1780 511 1835 561 et
1858 506 2162 560 excusatio-

120 599 213 632 nes
263 579 566 631 absentium
617 578 1020 643 Praelatorum3
1072 581 1138 633 ad
1191 582 1585 651 procurandam
1635 601 1910 635 annonam
1956 584 2011 634 et
2056 580 2164 632 alia

120 654 179 706 in
230 671 386 705 usum
437 656 491 705 et
549 653 985 707 commoditatem
1037 654 1260 707 Concilii
1319 657 1644 718 necessaria3
1704 657 1771 708 ad
1827 655 2164 726 colligendos

121 729 317 780 abusus
371 733 424 779 et
482 725 704 788 similia3
764 727 830 779 ad
880 727 1117 780 Indicem
1174 730 1439 783 librorum
1491 731 1898 800 expurgandum
1955 730 2040 782 vel
2096 729 2163 781 ad

122 800 340 871 quaevis
390 800 496 852 alia
545 801 867 870 peragenda.
946 802 1136 856 Modus
1187 807 1367 856 autem
1420 804 1652 873 eligendi
1691 805 1836 873 ipsos
1876 805 2164 873 deputatos

122 876 304 929 varius
356 875 489 937 fuit3
542 875 831 943 aliquando
886 876 1027 928 enim
1066 878 1238 930 factus
1279 883 1359 931 est
1398 878 1520 930 viva
1559 897 1713 940 voce,
1755 879 1840 930 vel
1880 897 1974 948 per
2015 896 2165 931 scru-

123 950 322 1003 tinium
373 949 533 1018 idque
584 949 747 1001 semel
797 953 893 1002 aut
940 950 1020 1003 bis
1062 955 1303 1015 tantum3
1359 952 1491 1005 alias
1531 953 1671 1005 enim
1711 971 1917 1021 semper
1955 952 2166 1005 Praesi-

123 1025 310 1077 dentes
349 1027 682 1092 proponunt,
721 1023 925 1077 scilicet
959 1025 1023 1076 ad
1050 1025 1153 1078 hoc
1181 1027 1264 1078 vel
1290 1027 1437 1078 aliud
1465 1027 1826 1096 peragendum
1855 1027 2167 1096 deligendos

123 1117 236 1151 esse
275 1097 484 1166 aliquos
512 1097 727 1159 Patres;
771 1101 903 1151 tunc
930 1097 1181 1167 Synodus
1208 1101 1479 1169 approbat
1504 1101 1734 1169 primum
1762 1101 2164 1170 deputationem

125 1172 241 1225 fieri
280 1172 496 1235 debere,
550 1175 740 1241 postea
788 1190 906 1224 cum
946 1178 1258 1243 rogaretur,
1314 1178 1375 1226 ut
1416 1174 1666 1244 eligeret,
1720 1194 1928 1244 semper
1977 1177 2166 1229 electio

125 1250 180 1300 et
228 1245 530 1298 nominatio
581 1246 960 1299 remittebatur
1019 1248 1084 1299 ad
1140 1248 1287 1316 ipsos
1336 1248 1723 1303 Praesidentes.
1816 1249 1986 1319 Super
2039 1270 2169 1320 qua-

127 1339 334 1390 cunque
373 1323 553 1373 autem
592 1338 650 1372 re
699 1321 795 1372 fiat
835 1321 1131 1389 deputatiO,
1174 1323 1310 1374 nihil
1350 1324 1414 1375 ab
1455 1341 1513 1375 ea
1553 1323 1800 1375 concludi
1841 1328 2038 1391 potest,
2081 1325 2169 1377 sed

126 1394 307 1448 omnia
346 1394 405 1446 in
444 1393 695 1446 Generali
738 1394 1171 1465 Congregatione
1210 1397 1552 1449 deliberanda
1590 1402 1950 1451 reservantur.
2031 1399 2170 1451 Gon-

125 1469 456 1538 veniuntque
495 1468 740 1538 deputati
785 1470 1045 1538 praedicti
1071 1470 1213 1538 apud
1239 1489 1424 1523 eorum
1461 1471 1778 1540 digniorem,
1820 1473 1912 1524 ubi
1938 1473 2169 1542 primum

126 1543 409 1613 negotium
449 1543 525 1595 eis
565 1543 945 1596 demandatum
985 1544 1301 1608 discutiunt,
1344 1549 1397 1598 et
1438 1546 1580 1614 quod
1621 1546 1764 1598 inter
1805 1546 1952 1614 ipsos
1991 1550 2171 1599 actum

127 1625 236 1681 est,
288 1617 354 1669 ad
394 1617 768 1671 Praesidentes
809 1622 863 1670 et
904 1617 1135 1688 Legatos
1176 1619 1459 1682 deferunt,
1514 1638 1694 1672 coram
1738 1620 1966 1688 quibus,
2008 1621 2053 1673 si
2093 1621 2171 1673 ita

129 1710 212 1744 res
265 1691 471 1762 exigat,
525 1692 688 1745 etiam
742 1692 1065 1755 ventilatur,
1119 1712 1179 1746 ac
1225 1694 1453 1762 denique
1494 1697 1673 1746 omnia
1711 1695 1777 1746 ad
1816 1695 2057 1763 plenam,
2111 1698 2173 1747 ut

130 1766 334 1819 dictum
373 1769 470 1831 est,
514 1764 790 1835 Synodum
830 1767 1090 1820 referunt.

390 1976 485 2034 De
532 1977 700 2034 modo
751 1976 1099 2049 conficiendi
1145 1981 1198 2036 et
1243 1977 1623 2037 examinandi
1669 1980 1919 2037 decreta.

283 2137 406 2190 Etsi
447 2156 509 2189 ex
549 2137 616 2188 iis
656 2155 790 2205 quae
837 2138 1084 2204 superius
1140 2137 1283 2191 dicta
1324 2144 1451 2192 sunt
1491 2139 1648 2191 facile
1688 2138 1932 2208 dignosci
1972 2142 2171 2206 potest,

136 2231 371 2282 quonam
416 2211 574 2264 modo
629 2210 842 2263 decreta
894 2212 1279 2277 conficiantur,
1333 2232 1445 2265 non
1498 2215 1591 2266 abs
1630 2232 1687 2265 re
1727 2217 1904 2266 tamen
1946 2213 2176 2264 fortasse

135 2287 316 2349 fuerit,
358 2286 498 2338 idem
535 2285 855 2353 particulari
882 2284 1243 2338 declaratione
1283 2287 1499 2339 referre.
1578 2288 1644 2340 In
1684 2287 1873 2355 primis
1915 2286 2176 2354 deputan-

136 2365 227 2414 tur
267 2360 456 2413 Patres
496 2359 561 2411 ad
601 2359 779 2427 ipsum
818 2359 1090 2411 decretum
1131 2361 1537 2426 conficiendum,
1580 2365 1642 2414 ut
1682 2360 1974 2430 Theologi,
2028 2359 2074 2410 si
2114 2359 2177 2410 de

139 2434 481 2504 dogmatibus
520 2434 730 2503 agitur,
773 2432 1120 2497 Canonistae,
1163 2435 1208 2487 si
1248 2435 1311 2487 de
1351 2436 1759 2498 reformatione,
1802 2434 1894 2503 qui
1935 2433 2178 2486 conside-

138 2509 271 2562 ratis
312 2507 594 2561 sententiis
634 2507 858 2560 Patrum
900 2526 1058 2576 super
1085 2510 1329 2561 articulis
1370 2510 1432 2561 de
1471 2528 1531 2562 eo
1567 2510 1816 2579 dogmate
1842 2507 2176 2569 examinatis,

133 2585 291 2652 juxta
329 2582 382 2634 id
423 2582 567 2651 quod
606 2582 776 2651 major
802 2600 927 2649 pars
957 2583 1265 2646 censuisset,
1307 2584 1581 2636 decretum
1620 2584 1705 2635 vel
1731 2600 1961 2635 canones
2002 2580 2179 2632 conci-

138 2657 389 2726 piebant,
443 2655 488 2709 si
545 2673 671 2708 vero
732 2655 953 2707 dubium
1010 2657 1230 2725 aliquod
1289 2659 1372 2709 vel
1431 2657 1724 2711 difficultas
1783 2657 1925 2708 inter
1976 2673 2065 2706 eos
2116 2653 2179 2704 de

140 2730 321 2800 aliqua
383 2749 441 2783 re
506 2733 627 2782 orta
690 2729 884 2782 fuisset
907 2771 918 2793 ,
984 2732 1096 2798 ejus
1159 2730 1356 2783 decisio
1421 2733 1505 2783 vel
1569 2731 1634 2783 ad
1694 2728 2180 2799 Congregationem

140 2804 513 2858 Praelatorum
553 2803 954 2872 Theologorum
1005 2805 1089 2855 vel
1141 2805 1206 2855 ad
1259 2806 1473 2872 plenam
1513 2804 1790 2872 Synodum
1828 2802 2177 2855 referebatur.

130 2869 550 2947 ‘Nonnunquam
589 2877 751 2930 etiam
791 2876 1002 2928 decreta
1042 2877 1158 2944 ipsa
1198 2897 1360 2946 opera
1399 2882 1452 2931 et
1492 2877 1776 2947 diligentia
1800 2876 1918 2928 DD.
1948 2874 2180 2943 Legato-

145 2972 264 3004 rum
304 2956 358 3005 et
383 2951 814 3005 Praesidentium
854 2950 1273 3003 conficiebantur
1312 2970 1407 3020 per
1433 2952 1642 3020 aliquot
1668 2951 1855 3003 doctos
1895 2953 1948 3001 et
1975 2948 2180 3017 peritos

144 3026 307 3091 virOS,
349 3045 413 3078 ex
452 3026 518 3079 iis
558 3025 651 3094 qui
689 3024 963 3094 praecipui
1003 3024 1061 3076 in
1103 3023 1322 3092 Synodo
1361 3026 1727 3088 habebantur,
1777 3024 1860 3076 vel
1900 3041 1963 3074 ex
2001 3021 2179 3074 Patri-

146 3101 245 3153 bus
295 3101 380 3153 vel
429 3118 492 3152 ex
542 3098 771 3168 privatis
810 3097 1100 3167 Theologis
1151 3101 1205 3150 et
1246 3097 1580 3162 CanonistiS,
1634 3098 1792 3166 idque
1830 3095 2089 3166 privatim
2128 3099 2182 3148 et

146 3174 517 3235 familiariter;
570 3173 750 3240 sicque
803 3172 1034 3223 formata
1084 3171 1295 3224 decreta
1348 3191 1466 3224 cum
1503 3172 1623 3224 aliis
1663 3170 1978 3240 quibusdam
2021 3169 2182 3222 etiam

147 3247 319 3301 doctis
361 3247 491 3299 viris
519 3246 933 3299 conferebantur
974 3263 1250 3313 quousque
1289 3246 1346 3297 in
1371 3246 1600 3298 dolatam
1643 3246 1871 3298 formam
1899 3244 2182 3296 redderen-

148 3326 269 3386 tur,
335 3321 478 3390 quod
531 3319 816 3388 praecipue
873 3319 1074 3371 factum
1132 3322 1214 3370 est
1269 3319 1326 3371 in
1381 3319 1594 3371 decreto
1653 3323 1706 3371 et
1765 3318 2059 3371 canonibus
2118 3317 2181 3368 de

142 3395 548 3465 justificatione.
641 3391 934 3459 Postquam
984 3396 1161 3444 autem
1199 3391 1472 3446 decretum
1515 3394 1600 3444 vel
1639 3411 1734 3462 per
1773 3392 2059 3461 deputatos
2098 3391 2177 3442 vel

151 3486 246 3537 per
284 3467 517 3539 Legatos
557 3468 877 3533 conceptum
917 3469 1014 3529 est,
1055 3466 1380 3534 proponitur
1407 3467 1817 3518 examinandum
1855 3466 1910 3518 in
1942 3465 2179 3534 Congre—

151 3542 373 3612 gatione
436 3538 713 3601 Generali3
772 3556 1160 3607 nonnunquam
1210 3543 1390 3593 tamen
1439 3540 1735 3594 audiuntur
1794 3539 1945 3609 prius
2005 3538 2068 3589 de
2119 3555 2180 3588 eo

1834 3629 1888 3670 18
