2612 4062
2102 346 2208 397 259

169 487 268 540 bus
326 487 638 558 praefigere.
724 485 1048 557 Hujusmodi
1105 489 1280 560 igitur
1339 509 1514 544 casus·
1550 510 1678 561 prae
1732 491 1903 544 oculis
1952 490 2209 544 habentes

170 561 322 614 enixe
362 562 626 630 petimuS,
668 565 730 614 ut
767 566 898 614 voto
939 562 1163 616 Patrum
1201 565 1504 635 longiorem
1546 584 1748 618 moram
1786 564 2207 618 desiderantium

167 635 245 687 ita
301 635 595 699 deferatur,
652 654 758 704 quo
812 636 1023 688 nullum
1072 638 1395 691 rationabile
1432 639 1654 691 dubium
1705 657 1980 691 remanere
2031 643 2208 708 queat,

169 709 510 778 quaestiones
551 708 880 762 dirimendae
919 729 1040 763 vere
1079 715 1132 765 et
1171 713 1505 766 sufficienter
1545 714 1815 782 explorari
1854 713 2110 782 potuisse.

816 889 831 911 ,
1157 837 1227 892 11.

317 931 586 984 Numerus
627 932 825 984 tertius
867 932 944 985 sic
985 932 1084 999 (se)
1128 934 1312 987 habet:

320 1026 344 1054 «
373 1005 475 1068 Qui
539 1024 603 1057 ex
667 1005 921 1059 Patribus
984 1007 1472 1061 animadversiones
1535 1009 1829 1061 afferendas
1893 1009 2210 1078 putaverint
2264 1069 2266 1071 ,

167 1097 354 1132 novam
391 1080 663 1133 verborum
700 1080 778 1132 vel
804 1081 1275 1147 paraqr(cphoriim
1308 1082 1601 1148 formulam
1639 1084 1923 1150 subjicient
1961 1085 2018 1135 in
2045 1084 2210 1135 locum

159 1156 369 1222 prioris
407 1155 466 1206 in
503 1154 765 1207 schemate
803 1155 1244 1209 substituendam.

316 1228 435 1281 Hoc
473 1229 607 1281 utile
648 1229 985 1297 quandoque,
1027 1230 1116 1281 sed
1155 1249 1267 1282 non
1292 1230 1675 1283 necessarium:
1719 1231 1922 1299 optime
1950 1231 2211 1299 siquidem

169 1302 502 1371 concipitur,
542 1303 754 1372 aliquos
794 1303 982 1356 Patres
1031 1303 1345 1356 utilissimas
1384 1305 1870 1357 animadversiones
1910 1323 2211 1373 proponere

169 1395 342 1446 posse,
385 1377 579 1446 quibus
619 1383 797 1430 tamen
837 1396 949 1430 non
989 1382 1282 1446 suppetant
1321 1378 1495 1430 media
1535 1382 1588 1430 et
1627 1380 2012 1447 opportunitas
2042 1397 2208 1430 uuum

170 1452 254 1503 vel
308 1452 490 1520 plures
530 1451 900 1522 paragraphos
942 1451 1185 1521 integros
1224 1452 1502 1504 reficiendi
1542 1456 1595 1505 et
1635 1453 1904 1504 exarandi.
1984 1453 2055 1504 Et
2109 1453 2210 1503 hoc

169 1544 230 1578 eo
270 1526 449 1578 minus
490 1526 847 1578 necessarium
887 1530 985 1589 est,
1029 1545 1147 1578 cum
1174 1526 1551 1595 deputationes
1593 1527 1847 1595 speciales
1888 1545 1947 1578 eo
1977 1527 2210 1594 praecise

171 1602 274 1652 fine
313 1600 598 1654 institutae
636 1600 859 1663 fuerint,
901 1604 963 1653 ut
1002 1600 1415 1653 reficiendorum
1448 1601 1775 1653 schematum
1815 1601 1988 1652 labori
2028 1601 2210 1652 inten-

169 1674 381 1737 derent,
437 1678 629 1744 utpote
670 1675 918 1727 omnibus
958 1675 1102 1726 hunc
1142 1674 1199 1726 in
1241 1675 1403 1727 finem
1443 1675 1658 1727 auxiliis
1698 1675 2070 1737 abundanter,
2130 1674 2211 1726 uti

169 1749 403 1817 supponi
443 1753 641 1817 potest,
684 1749 949 1818 provisae.

1143 1872 1243 1927 III.

318 1971 556 2024 Numero
586 1971 778 2041 quinto
808 1971 1043 2041 legitur:
1090 1991 1114 2019 ‹<
1150 2014 1159 2024 .
1192 2014 1203 2025 .
1237 2018 1246 2027 .
1279 2016 1288 2026 .
1322 1972 1552 2042 singulis
1581 1972 1831 2025 Patribus
1858 1973 2212 2025 distribuetur

171 2046 382 2099 schema
408 2046 760 2100 reformatum
799 2065 906 2098 una
947 2065 1066 2098 cum
1106 2049 1400 2100 summaria
1438 2047 1707 2109 relatione,
1748 2048 1801 2098 in
1846 2066 1950 2115 qua
1989 2048 2051 2098 de
2081 2066 2210 2115 pro-

176 2121 370 2190 positis
400 2162 667 2175 .......
711 2121 1264 2173 animadversionibus
1304 2123 1495 2173 mentio
1535 2121 1694 2173 fiet».

318 2195 501 2248 Liceat
572 2196 745 2248 dicere
809 2197 1162 2249 summarium
1224 2195 1362 2247 hanc
1423 2195 1730 2248 relationem
1793 2199 1848 2248 et
1912 2195 2209 2263 simplicem

172 2270 698 2322 animadversionum
737 2271 1075 2333 mentionem,
1126 2288 1462 2338 nequaquam
1502 2269 1668 2320 videri
1708 2270 2093 2331 sufficientem,
2154 2270 2209 2321 in

173 2346 331 2397 rebus
370 2345 689 2413 praesertim
727 2344 946 2396 maximi
986 2344 1269 2406 momenti,
1319 2344 1500 2413 quales
1547 2343 1809 2411 imprimis
1850 2348 1978 2395 sunt
2017 2344 2207 2394 defini-

173 2419 350 2471 tiones
399 2418 746 2489 dogmaticae.
836 2417 1382 2471 Animadversionum
1433 2417 1575 2470 enim
1627 2417 1839 2485 pondus
1888 2435 1951 2468 ex
2002 2419 2211 2470 motivis

172 2492 354 2546 allatis
393 2494 679 2562 praecipue
715 2494 928 2562 pendet,
971 2511 1104 2561 quae
1130 2492 1176 2544 si
1202 2511 1313 2544 non
1341 2492 1557 2554 dentur,
1588 2491 1738 2543 nullo
1767 2492 1925 2543 modo
1952 2491 2208 2551 videmuS,

174 2586 406 2635 quanam
455 2568 667 2620 ratione
717 2587 802 2621 res
856 2566 1126 2620 illustrari
1171 2566 1399 2635 possint.
1477 2565 1579 2617 Ubi
1627 2565 1796 2634 igitur
1837 2565 2040 2617 motiva
2081 2565 2210 2617 talia

172 2659 204 2692 a
242 2640 494 2694 Patribus
539 2646 668 2695 voto
716 2661 813 2695 suo
852 2641 1060 2711 adjecta
1098 2640 1332 2693 fuerint:
1384 2640 1513 2692 haec
1566 2658 1776 2708 quoque
1816 2642 2208 2691 recenseantur.

174 2714 246 2768 Et
292 2715 394 2768 hoc
440 2716 655 2785 quidem
707 2735 768 2770 eo
821 2716 993 2786 magis
1033 2715 1389 2767 necessarium
1428 2718 1533 2777 est,
1587 2732 1705 2766 cum
1744 2714 2031 2765 inducatur
2071 2731 2210 2764 nova

173 2789 458 2843 methodus
522 2794 575 2844 et
638 2791 909 2844 veteribus
966 2789 1220 2842 Conciliis
1280 2807 1500 2857 prorsus
1565 2788 1875 2857 incognita,
1943 2786 2210 2838 tractandi

174 2882 364 2933 nempe
426 2882 511 2917 res
574 2883 671 2934 per
737 2866 968 2933 scripta3
1043 2881 1268 2931 cumque
1324 2863 1586 2931 denegata
1643 2861 1894 2914 Patribus
1952 2861 2210 2912 facultate

173 2938 661 2992 animadversiones
701 2959 822 2992 suas
861 2938 1009 3006 typis
1047 2936 1352 2999 mandandi,
1393 2936 1498 2987 alia
1537 2935 1623 2986 via
1661 2954 1772 2987 non
1812 2934 2063 3002 supersit,
2105 2952 2209 3002 qua

174 3012 380 3066 collatis
418 3031 539 3066 vere
579 3013 819 3066 consiliis
858 3030 943 3064 res
981 3011 1037 3062 in
1078 3009 1295 3078 Synodo
1336 3013 1681 3078 peragantur.

321 3085 435 3139 Nec
473 3088 856 3150 omittendum,
911 3085 1055 3154 quod
1082 3083 1342 3152 -cujusvis
1382 3081 1762 3150 Deputationis
1812 3081 2084 3150 specialis,
2125 3082 2209 3133 vel

175 3161 287 3229 ejus
326 3161 707 3231 theologorum
746 3165 800 3214 et
839 3158 1250 3213 secretariorum
1277 3156 1504 3209 arbitrio
1530 3156 1868 3224 relinquetur
1897 3174 1960 3207 ex
1990 3156 2208 3224 scriptis

175 3235 278 3287 sibi
324 3236 658 3306 consignatis
703 3237 788 3288 vel
835 3231 1092 3287 afferendi
1130 3231 1214 3282 vel
1253 3230 1470 3283 silentio
1511 3229 1904 3297 praetereundi,
1947 3230 2206 3298 quidquid

173 3308 305 3377 ipsis
343 3309 582 3362 libuerit.

322 3383 450 3436 Tria
499 3400 629 3452 ergo
669 3385 824 3446 sunt,
873 3399 1008 3450 quae
1057 3396 1117 3430 ea
1168 3378 1233 3430 de
1281 3395 1339 3429 re
1377 3376 1702 3445 postulanda
1740 3377 1896 3430 nobis
1935 3378 2203 3439 videntur,

176 3460 230 3509 et
269 3457 336 3509 ab
361 3457 632 3526 aequitate
657 3454 968 3508 Praesidum
1009 3451 1343 3505 concedenda
1382 3451 1610 3503 fidenter
1649 3469 1939 3519 speramus,

329 3532 396 3585 1.⁰
433 3530 510 3583 Ut
556 3529 1042 3582 animadversiones
1088 3543 1271 3578 omnes
1318 3524 1501 3577 sedulo
1547 3525 1866 3578 referantur.
1946 3524 2205 3594 Alioquin

171 3606 284 3673 jam
320 3603 600 3674 deputatio
640 3605 781 3655 esset
815 3605 994 3656 totum
1034 3599 1332 3652 Concilium
1369 3601 1423 3650 et
1462 3598 1520 3650 in
1557 3599 1806 3667 pluribus
1845 3600 1990 3652 solus
2023 3599 2203 3668 judex.

326 3682 381 3730 2ο
418 3678 495 3731 Ut
530 3676 780 3729 relationi
828 3679 884 3730 et
926 3674 1173 3728 mentioni
1210 3672 1733 3745 animadversionum
1771 3692 1977 3742 semper
2015 3673 2205 3742 adjun-

177 3754 378 3823 gantur
414 3751 624 3815 motiva‚
666 3749 861 3819 quibus
899 3748 1118 3802 fulcitae
1155 3746 1376 3799 fuerint.

1859 3833 1940 3878 17*
