2612 4062
415 253 528 314 208

414 407 759 477 apparuisse;
824 410 879 461 et
944 408 1135 460 contra
1196 403 1484 460 historiam
1546 404 1971 460 Reformationis
2035 424 2066 459 a
2129 404 2462 478 D’Aubigny

417 482 795 552 compositam,
838 486 1112 534 exaratam
1151 480 1332 534 fuisse.
1412 480 1573 534 Liber
1612 481 1700 534 hic
1737 482 1792 534 in
1835 481 2075 534 omnium
2114 481 2226 534 fere
2265 481 2464 535 Catho-

417 557 645 609 licorum
674 555 930 610 Statuum
956 554 1381 608 Foederatorum
1418 556 1666 608 manibus
1706 559 1970 620 versatur,
2012 561 2129 609 tum
2156 556 2225 608 ob
2256 557 2466 625 copiam

416 631 766 684 materiarum
822 630 1018 699 quibus
1057 629 1310 694 abundat,
1354 631 1559 700 stylum
1596 630 1916 683 familiarem
1955 648 2061 699 quo
2102 630 2334 699 scriptus
2373 630 2463 694 sit,

418 709 471 758 et
516 705 755 757 auctoris
805 722 1055 774 magnam
1110 703 1254 772 apud
1293 723 1392 757 nos
1432 705 1887 768 aestimationem,
1940 709 2199 774 tanquam
2238 704 2467 773 primam

418 779 594 832 sedem
634 780 965 847 occupantiS,
1007 783 1061 832 et
1087 777 1410 832 eruditionis
1451 779 1765 849 ingeniique
1803 779 1944 831 fama
1972 778 2212 832 celebris.
2267 778 2468 841 Quinta

419 855 546 906 haec
599 853 764 906 editio
805 853 1060 922 apparuit
1099 853 1283 906 eodem
1321 872 1465 906 anno
1506 871 1612 922 quo
1653 852 1923 917 exaravit,
1978 853 2197 906 nomine
2237 852 2468 905 Concilii

422 927 858 991 Baltimorensis,
916 927 1128 981 litteras
1179 927 1246 979 ad
1287 926 1564 980 Summum
1603 926 1949 991 Pontificem,
2006 946 2069 980 ex
2121 927 2314 996 quibus
2354 926 2467 995 ipse

419 1001 619 1070 aliique
639 1002 844 1054 inferre
871 1003 1074 1055 vellent
1101 1002 1384 1071 episcopos
1412 1001 1665 1055 Statuum
1690 1002 1984 1054 Unitorum
2016 1001 2228 1070 placitis
2254 1000 2468 1053 Infalli-

422 1076 730 1128 bilistarum
769 1077 966 1128 favere.
1045 1076 1292 1129 Habetur
1332 1077 1391 1128 in
1419 1076 1757 1129 Bibliotheca
1797 1076 2027 1146 Collegii
2059 1074 2368 1128 Americani
2408 1076 2466 1127 in

419 1150 518 1203 hac
557 1149 731 1214 Urbe,
776 1151 861 1203 cui
902 1152 967 1203 ab
1008 1154 1258 1214 auctore,
1301 1151 1568 1219 inscripto
1610 1169 1773 1203 manu
1813 1151 2038 1219 propria
2078 1153 2191 1220 ejus
2231 1149 2466 1212 nomine,

419 1243 563 1277 anno
610 1230 777 1287 1867,
835 1225 962 1277 dum
1002 1225 1204 1278 Romae
1255 1230 1423 1289 esset,
1477 1226 1617 1278 dono
1659 1225 1816 1278 datus
1857 1228 1970 1287 est3
2032 1243 2137 1294 qua
2191 1223 2470 1276 occasione

417 1299 618 1352 litteris
673 1300 739 1351 ad
780 1298 1056 1352 Summum
1096 1299 1417 1352 Pontificem
1473 1300 1693 1352 directis
1753 1318 1874 1351 cum
1927 1299 2152 1352 caeteris
2204 1297 2469 1367 episcopis

421 1373 771 1443 subscripsit,
826 1393 936 1426 non
985 1378 1128 1427 certe
1179 1375 1358 1427 animo
1399 1374 1601 1443 aliquid
1642 1374 2022 1426 doctrinaliter
2062 1372 2336 1425 statuendi
2375 1375 2470 1424 aut

421 1448 771 1512 enunciandi,
832 1449 925 1500 sed
982 1467 1132 1500 suam
1182 1449 1424 1518 ipsorum
1478 1448 1880 1501 venerationem
1934 1452 1986 1501 et
2038 1447 2290 1500 affectum
2342 1465 2470 1516 erga

422 1522 743 1575 Pontificem
782 1523 1204 1576 demonstrandi.
1249 1553 1316 1560 —
1356 1523 1502 1575 Haec
1543 1527 1671 1576 sunt
1711 1523 1874 1575 verba
1913 1521 2354 1575 Baltimorensis:

574 1597 880 1650 «Attamen
920 1597 979 1649 in
1019 1617 1126 1666 quo
1167 1598 1432 1650 consistat
1471 1597 1759 1650 discrimen
1795 1597 1940 1650 inter
1980 1595 2204 1649 docendi
2243 1595 2471 1648 faculta-

426 1675 532 1724 tem
584 1671 1032 1725 authoritativam
1086 1672 1247 1740 primi
1301 1672 1546 1740 corporis
1586 1672 1957 1724 ministrorum
1999 1669 2227 1732 Christi,
2279 1687 2471 1738 nempe

424 1747 830 1815 apostolorum,
879 1751 933 1799 et
973 1746 1121 1797 illam
1162 1747 1405 1815 corporis
1446 1750 1729 1814 pastorum
1769 1745 1862 1814 qui
1903 1745 2088 1797 divina
2127 1743 2472 1797 ordinatione

426 1821 503 1873 eis
530 1825 918 1884 successerunt,
955 1820 1012 1873 in
1041 1839 1261 1873 munere
1290 1820 1650 1889 praedicandi,
1693 1819 1918 1872 docendi
1948 1823 2001 1872 et
2039 1817 2375 1888 baptizandi3
2418 1821 2472 1870 et

431 1895 642 1964 quibuS,
683 1895 741 1946 in
778 1895 898 1948 istis
939 1895 1105 1947 sacris
1132 1895 1446 1947 muneribus
1488 1895 1794 1964 fungendiS,
1838 1894 2102 1962 promissa
2128 1896 2244 1945 erat
2272 1891 2473 1945 Divina

427 1968 785 2033 Assistentia,
839 1969 1088 2022 omnibus
1128 1970 1312 2022 diebus
1354 1987 1522 2038 usque
1561 1969 1624 2020 ad
1667 1968 2190 2021 consummationem
2230 1965 2469 2019 saeculi?

431 2042 487 2096 Si
545 2044 676 2095 haec
734 2042 996 2113 (potestas
1054 2062 1243 2112 nempe
1291 2045 1685 2112 episcoporum.
1740 2043 1855 2110 Tr.)
1917 2043 2160 2094 libertati
2218 2039 2477 2094 rationali

431 2122 769 2186 opponatur,
830 2137 925 2170 cur
984 2137 1093 2170 non
1155 2119 1249 2170 illa
1310 2118 1572 2186 (potestas
1630 2135 1819 2185 nempe
1876 2117 2266 2186 apostolorum.
2319 2115 2474 2182 Tr.)⁴?

430 2191 709 2256 Preterea,
769 2211 913 2245 nunc
971 2193 1203 2261 primum
1265 2192 1548 2254 (1130111103,
1611 2191 1910 2244 Romanam
1969 2190 2355 2243 Cancellariam
2406 2219 2474 2226 ——

433 2266 642 2333 (forsan
702 2266 917 2319 Curiam
981 2267 1261 2336 scripserit
1320 2265 1680 2336 D'Aubigny,
1747 2270 1800 2318 et
1859 2266 2158 2319 translator
2217 2263 2475 2317 vertendo

432 2341 711 2394 erraverit.
739 2341 872 2410 Tr.),
899 2372 965 2378 -—
989 2341 1052 2393 de
1092 2341 1217 2393 fidei
1255 2341 1502 2394 articulis
1543 2341 1866 2393 sententiam
1893 2340 2226 2392 definitivam
2253 2338 2474 2392 dedisse.

433 2415 766 2468 Credidimus
843 2434 1052 2485 semper
1116 2416 1171 2467 id
1234 2432 1430 2469 munus
1492 2415 1656 2467 fuisse
1721 2427 2072 2467 CONCILIORUM
2138 2425 2477 2465 GENERALIUM

435 2503 794 2552 EXGLUSIVUM3
848 2495 902 2543 et
955 2490 1168 2558 quando
1222 2509 1282 2542 ea
1334 2509 1443 2544 non
1494 2490 1926 2551 celebrarentur,
1989 2489 2041 2540 id
2095 2487 2158 2539 ad
2201 2487 2473 2539 Romanos

433 2563 726 2616 Pontifices
785 2565 1089 2632 pertinere,
1151 2578 1257 2616 CUM
1314 2577 1545 2616 ASSENSU
1604 2577 1700 2614 SEU
1757 2575 2168 2624 ACQUIESCENTIA
2229 2572 2478 2614 cospoms

435 2648 792 2690 EPIscoPORUM
843 2652 898 2690 IN
936 2651 1116 2689 MUNDO
1157 2651 1478 2690 SPARsoizUM.
1561 2636 1892 2688 Credidimus
1942 2637 2130 2697 etiam,
2189 2636 2246 2687 in
2286 2638 2479 2686 nostra

436 2712 805 2781 simplicitate,
845 2730 943 2764 nec
982 2730 1071 2764 eos
1111 2712 1321 2780 quidem
1352 2728 1559 2780 semper
1583 2709 1981 2762 controversias
2009 2709 2250 2761 decidere
2289 2708 2475 2770 solere,

437 2787 526 2839 sed
579 2786 644 2838 in·
686 2786 753 2838 iis
814 2790 1030 2839 tantum
1082 2786 1290 2838 casibus
1342 2786 1396 2837 in
1441 2784 1635 2854 quibus
1676 2783 1925 2836 doctrina
1962 2784 2199 2835 revelata
2238 2782 2382 2834 clara
2420 2784 2475 2834 et

437 2861 694 2930 explicita
745 2865 911 2914 esset:
967 2861 1025 2911 in
1073 2861 1193 2913 aliis
1242 2864 1423 2913 autem
1474 2860 1663 2921 1011113,
1724 2876 1813 2910 003
1865 2857 2137 2926 sapienter
2191 2855 2478 2909 concedere

436 2935 762 2987 rationalem
792 2935 1183 2987 sententiarum
1210 2935 1532 2987 libertatem.
1600 2931 1932 3002 D’Aubigny
1956 2936 2135 2984 autem
2160 2948 2261 2983 nos
2288 2929 2478 2982 melius

440 3009 670 3062 edocuit.
729 3008 829 3061 Ille
865 3009 1038 3074 nobiS‚
1078 3010 1396 3078 persuadere
1431 3008 1610 3070 vellet,
1651 3007 1922 3059 Romanos
1950 3005 2273 3069 catholicos,
2305 3003 2480 3074 quoad

440 3100 628 3135 manus
669 3087 722 3136 et
762 3084 946 3152 pedeS,
987 3102 1184 3153 corpus
1222 3087 1277 3136 et
1315 3082 1549 3135 animam
1585 3081 1782 3151 ligatos
1823 3097 1956 3144 esse,
1999 3098 2172 3150 neque
2210 3079 2277 3132 iis
2318 3078 2480 3132 etiam

443 3156 681 3225 cogitare
718 3158 1039 3227 permissum
1062 3160 1095 3211 ¹.

565 3327 580 3352 ¹
609 3331 663 3374 In
694 3332 813 3376 what
842 3334 889 3377 in
918 3333 1011 3378 fact
1041 3334 1227 3378 cons-ists
1255 3333 1333 3377 the
1363 3331 1593 3376 difference
1621 3329 1822 3375 between
1853 3329 1930 3374 the
1947 3329 2242 3374 authoriative
2269 3328 2444 3374 teachin

447 3386 496 3433 of
533 3389 611 3433 the
656 3390 755 3435 first
800 3392 915 3450 body
957 3393 1006 3436 of
1032 3394 1201 3438 Christs
1244 3393 1466 3436 ministers
1510 3392 1589 3436 the
1618 3392 1814 3448 aposteS‚
1860 3389 1947 3433 and
1976 3391 2079 3433 that
2111 3389 2158 3432 of
2182 3389 2260 3432 the
2293 3387 2406 3444 body
2433 3401 2462 3431 ·o

445 3450 637 3506 pastors,
684 3450 781 3494 who
819 3451 878 3507 by
919 3451 1064 3497 divine
1095 3453 1370 3497 commission
1399 3449 1632 3496 succeeded
1660 3449 1783 3493 them
1814 3450 1861 3494 in
1890 3450 1969 3492 the
1999 3447 2124 3492 office
2154 3447 2203 3491 of
2227 3447 2480 3504 preaching,

446 3508 656 3565 teaching
686 3508 776 3552 und
805 3508 1055 3568 baptizing,
1098 3513 1184 3556 and
1217 3513 1312 3556 who
1341 3512 1387 3555 in
1418 3511 1496 3555 the
1526 3509 1753 3565 discharge
1784 3509 1832 3552 of
1857 3508 1982 3552 these
2012 3506 2163 3553 sacred
2192 3507 2336 3551 duties
2366 3518 2480 3550 were

448 3566 666 3625 promised
695 3566 773 3612 the
803 3568 947 3613 divine
978 3572 1214 3616 assistance
1245 3571 1306 3616 all
1334 3571 1455 3628 days,
1488 3584 1599 3615 even
1627 3571 1675 3614 to
1706 3567 1783 3612 the
1801 3567 2147 3612 consummation
2171 3567 2220 3610 of
2230 3566 2307 3610 the
2329 3563 2478 3609 world.

448 3626 550 3671 And
590 3626 629 3670 if
669 3624 746 3670 the
776 3627 914 3670 latter
957 3642 1045 3672 was
1076 3631 1264 3687 apposed
1294 3634 1342 3675 to
1373 3629 1563 3674 rational
1591 3626 1776 3683 liberty,
1821 3626 1918 3684 why
1949 3639 2036 3670 was
2067 3629 2146 3670 not
2175 3626 2252 3670 the
2283 3621 2479 3669 former?

447 3685 655 3741 Resides,
698 3698 766 3731 we
793 3685 917 3731 learn
933 3710 962 3740 ,Δ
989 3687 1056 3731 for
1084 3689 1163 3733 the
1193 3690 1292 3734 first
1321 3691 1430 3735 time
1446 3722 1457 3743 ‚
1501 3689 1605 3734 that
1623 3716 1626 3718 -
1645 3685 1724 3732 the
1756 3686 1924 3732 Roman
1952 3684 2180 3743 Chaucery
2206 3682 2386 3729 decided
2413 3693 2481 3726 on·
