2722 4146
2190 254 2291 309 103

253 419 363 456 suae
402 399 694 454 infallibile
732 397 1121 469 magisterium,
1163 400 1300 453 illud
1339 400 1654 454 collocasset
1692 398 1752 452 in
1786 399 2033 452 ¹unanimi
2074 402 2128 454 et
2166 400 2292 453 uni-

254 476 450 530 versali
477 474 720 530 omnium
750 473 1098 527 ecclesiarum
1125 475 1500 528 consensione:
1541 478 1660 528 tum
1686 473 1812 545 quia
1838 473 1942 527 iste
1967 474 2291 528 universalis

254 569 545 606 consensus
595 548 789 601 fuisset
843 549 1172 618 subjectum,
1231 550 1289 602 in
1339 567 1445 618 quo
1497 549 1714 619 dignius
1772 551 1826 601 et
1880 548 2293 602 convenientius

254 630 471 680 tantum
510 623 857 692 privilegium
896 623 1348 676 constitueretur:
1408 627 1527 677 tum
1565 624 1691 693 quia
1729 622 1917 676 Patres
1958 627 2012 676 et
2053 621 2294 675 Concilia

253 699 513 753 eiusmodi
555 696 847 750 universali
887 697 1170 750 consensui
1210 701 1469 766 tanquam
1508 698 1710 768 regulae
1748 697 1872 750 fidei
1921 697 2293 750 testimonium

253 774 516 827 reddunt:
556 775 675 825 tum
715 771 841 840 quia
867 771 1250 839 promissiones
1279 771 1498 836 Christi,
1542 773 1737 841 quibus
1775 771 2054 840 pollicitus
2095 774 2192 835 est,
2235 790 2290 824 se

253 849 502 902 futurum
542 864 662 899 cum
688 845 942 910 Ecclesia,
984 865 1038 899 30
1063 846 1353 898 missurum
1380 845 1644 914 Spiritum
1678 849 1940 910 sanctum,
1979 846 2136 898 factae
2163 850 2292 901 sunt

255 920 604 976 universitati
631 923 914 989 pastorum
953 924 1007 973 et
1032 920 1270 972 fidelium
1299 923 1354 973 et
1379 920 1519 972 nihil
1545 921 1714 990 magis
1742 919 1948 972 rationi
1975 937 2290 984 consonum,

254 1015 414 1067 quam
453 999 515 1048 ut
553 995 874 1048 admittatur
914 995 1220 1047 universam
1258 995 1577 1058 Ecclesiam,
1639 1012 1756 1063 quae
1806 1013 1919 1046 non
1968 997 2151 1062 potest
2203 994 2293 1046 de-

254 1073 411 1125 ficere
451 1070 507 1122 in
549 1069 830 1132 credendO,
871 1088 984 1122 non
1038 1088 1195 1138 posse
1234 1087 1414 1121 errare
1465 1069 1524 1120 in
1562 1069 1817 1121 docendO.
1896 1066 1998 1120 Sed
2047 1086 2144 1121 vos
2187 1068 2294 1137 ipsi

248 1148 360 1216 jam
401 1144 710 1207 conceditiS,
751 1143 1041 1195 infallibile
1079 1143 1450 1214 magisterium
1496 1162 1608 1195 non
1660 1161 1772 1195 esse
1811 1142 2052 1211 positum
2090 1142 2147 1194 in
2190 1162 2292 1195 un-

253 1220 421 1273 animi
479 1223 533 1272 et
585 1218 882 1270 universali
939 1218 1180 1271 omnium
1218 1218 1561 1270 ecclesiarum
1608 1217 1989 1269 consensione:
2050 1234 2146 1269 vos
2186 1216 2293 1285 ipsi

256 1294 514 1358 clamatiS,
556 1293 728 1346 totius
767 1292 1045 1355 Ecclesiae,
1087 1292 1259 1345 totius
1298 1291 1611 1344 oecumenici
1650 1291 1866 1343 concilii
1914 1289 2294 1343 auctoritatem

256 1388 320 1422 ex
378 1386 487 1421 uno
546 1371 600 1420 et
658 1367 772 1420 solo
831 1366 986 1420 Rom.
1042 1366 1308 1419 Pontifice
1366 1385 1479 1418 esse
1537 1365 1942 1418 desumendam:
2020 1364 2294 1417 decretum

255 1443 519 1497 universae
558 1441 810 1495 Ecclesiae
858 1460 970 1493 11011
1009 1441 1203 1493 habere
1261 1441 1368 1492 vim
1417 1459 1480 1492 ex
1530 1443 1617 1493 tot
1648 1439 1948 1508 judicibuS,
1991 1441 2125 1507 quot
2165 1441 2293 1492 sunt

255 1517 542 1587 Episcopi,
602 1516 688 1569 sed
748 1519 966 1569 tantum
1022 1534 1085 1567 ex
1144 1534 1251 1568 uno
1300 1518 1354 1568 et
1410 1515 1526 1567 solo
1572 1514 1749 1583 judice
1803 1513 1957 1566 Rom.
1999 1512 2292 1565 Pontifice:

256 1592 628 1646 definitionem
683 1590 804 1642 fidei
854 1609 966 1642 non
1017 1589 1183 1642 inniti
1230 1592 1319 1642 tot
1359 1589 1616 1651 testibus,
1679 1591 1813 1656 quot
1863 1590 1992 1639 sunt
2043 1586 2292 1650 ecclesiae,

256 1670 390 1736 quot
428 1670 557 1719 sunt
595 1665 868 1734 Episcopi,
912 1664 1001 1716 sed
1040 1664 1097 1715 in
1137 1664 1297 1716 unius
1338 1667 1392 1716 et
1431 1663 1599 1716 solius
1631 1662 1786 1715 Rom.
1814 1661 2097 1714 Pontificis
2135 1660 2294 1713 testi-

254 1741 454 1804 11101110,
515 1744 571 1793 et
620 1740 832 1810 quidem
886 1738 1311 1807 independenter
1363 1757 1394 1790 a
1449 1741 1569 1790 tota
1619 1736 1857 1788 Ecclesia
1912 1734 2124 1805 agentis
2183 1752 2294 1786 esse

255 1816 509 1885 positum.
588 1813 710 1867 Jam
749 1832 875 1866 vero
917 1814 962 1865 si
1013 1813 1295 1864 infallibile
1335 1812 1707 1882 magisterium
1755 1829 1865 1863 non
1921 1813 2004 1862 est
2055 1809 2294 1877 positum

255 1891 314 1943 in
351 1889 593 1942 unamini
646 1893 700 1942 et
739 1887 1033 1940 universali
1085 1887 1436 1939 consensione
1477 1886 1716 1938 omnium
1769 1887 2011 1947 aetatum,
2056 1883 2295 1935 omnium

254 1964 612 2027 ecclesiarum,
654 1982 754 2032 pro
795 1981 900 2031 qua
937 1966 1121 2014 tamen
1160 1961 1470 2013 viderentur
1510 1961 1690 2012 adesse
1728 1962 1816 2012 tot
1856 1962 1910 2011 et
1935 1961 2093 2010 tanta
2131 1975 2294 2026 argu-

254 2042 467 2101 menta;
507 2039 680 2091 multo
721 2037 899 2090 minus
941 2036 1261 2089 credendum
1300 2039 1398 2098 est,
1441 2035 1764 2087 collocatum
1802 2033 1968 2085 fuisse
2006 2051 2037 2084 a
2078 2031 2293 2083 Christo

256 2115 314 2168 in
354 2113 516 2166 unius
566 2116 620 2166 et
671 2112 840 2165 solius
879 2111 1035 2163 Rom.
1075 2110 1360 2162 Pontificis
1411 2108 1683 2178 personali
1735 2111 1788 2160 et
1828 2126 1858 2159 a
1898 2110 2017 2159 tota
2055 2104 2296 2158 Ecclesia

256 2188 647 2257 independente
685 2186 1012 2239 auctoritate
1051 2188 1106 2237 et
1143 2184 1401 2247 arbitrio,
1463 2184 1526 2235 de
1566 2202 1670 2251 qua
1717 2200 1773 2234 re
1825 2184 1946 2234 tota
1997 2179 2294 2248 antiquitas

257 2263 438 2326 siluit,
496 2261 798 2331 praesertim
858 2278 977 2312 cum
1034 2278 1146 2311 non
1186 2259 1431 2311 videatur
1490 2257 1671 2309 divina
1729 2255 1995 2324 sapientia
2052 2254 2294 2324 dignum,

255 2336 516 2406 ejusmodi
556 2335 842 2388 infallibile
868 2333 1239 2404 magisterium
1263 2333 1566 2395 instituere,
1608 2331 1674 2383 ad
1702 2330 1844 2399 quod
1873 2329 2297 2394 conservandum

257 2411 542 2474 continua,
602 2409 1033 2463 extraordinaria
1072 2407 1173 2459 Dei
1227 2407 1536 2459 assistentia
1574 2409 1627 2458 et
1678 2422 1910 2473 perenne
1961 2403 2294 2466 miraculum,

256 2485 557 2538 necessaria
610 2484 752 2547 sint,
819 2501 1016 2551 ponere
1080 2485 1290 2535 tantam
1347 2481 1731 2533 auctoritatem
1786 2478 1843 2529 in
1901 2496 2011 2529 uno
2069 2480 2124 2529 et
2181 2476 2297 2528 solo

256 2560 490 2624 homine,
532 2559 625 2629 qui
665 2558 977 2610 conceditur
1017 2574 1174 2625 posse
1213 2556 1271 2607 in
1309 2555 1554 2606 haeresim
1593 2553 1724 2616 labi,
1785 2555 1839 2604 et
1895 2555 2073 2604 tamen
2115 2549 2299 2602 defen-

259 2635 426 2698 ditur,
454 2652 550 2702 per
576 2631 1070 2685 extraordinarium
1098 2633 1153 2682 et
1177 2629 1559 2681 miraculosum
1589 2628 1959 2680 interventum
1979 2624 2298 2677 Divinitatis

258 2709 376 2762 fieri
427 2727 539 2761 non
576 2725 760 2777 posse,
819 2709 882 2759 ut
933 2706 992 2756 in
1043 2704 1307 2774 ejusmodi
1361 2704 1705 2773 propositum
1755 2700 1962 2764 veniat,
2023 2717 2128 2767 quo
2168 2698 2300 2750 velit

257 2783 501 2836 haeresim
559 2801 709 2835 suam
765 2780 1017 2833 Ecclesiae
1073 2796 1394 2847 proponere.
1474 2777 1611 2838 Quid
1667 2774 1997 2836 naturalius,
2039 2790 2198 2840 quam
2238 2775 2298 2823 ut

258 2857 554 2910 adversarii
593 2855 772 2909 nostri
811 2854 1155 2916 concludant,
1198 2871 1296 2904 nec
1322 2851 1631 2910 Ecclesiam,
1671 2867 1770 2901 nec
1795 2848 1948 2899 Rom.
1979 2845 2298 2898 Pontificem

261 2951 372 2985 esse
411 2931 731 3002 magistrum
771 2928 1133 2990 infallibilem,
1174 2930 1347 2979 totam
1387 2926 1548 2977 istam
1574 2924 1637 2975 de
1665 2921 1943 2974 infallibili
1970 2919 2298 2972 auctoritate

260 3006 562 3060 doctrinam
602 3024 713 3058 non
754 3022 866 3056 esse
905 3003 1009 3054 nisi
1042 3004 1419 3063 commentum,
1462 2998 1674 3050 unicum
1705 2995 2040 3065 magistrum,
2082 2993 2297 3044 unicam

260 3081 502 3151 regulam
541 3080 700 3132 aliam
739 3097 851 3131 non
890 3095 1019 3139 esse,
1073 3075 1179 3127 nisi
1220 3093 1403 3127 sanam
1442 3076 1493 3125 et
1533 3075 1735 3124 rectam
1773 3068 2070 3130 rationem,
2127 3071 2180 3120 et
2220 3066 2299 3119 ita

260 3158 325 3208 ut
363 3155 680 3207 defendatur
719 3153 790 3217 id,
833 3152 975 3220 quod
1015 3153 1096 3202 est
1134 3148 1374 3211 dubium,
1414 3146 1618 3199 vocatis
1644 3145 1703 3195 in
1730 3142 2013 3195 discrimen
2040 3141 2111 3204 id,
2153 3139 2299 3209 quod

261 3232 343 3282 est
370 3233 604 3282 certum:
646 3231 710 3281 ut
735 3227 896 3279 unius
923 3225 1077 3277 Rom.
1106 3221 1389 3275 Pontificis
1416 3219 1712 3272 auctoritas
1739 3217 2051 3280 extollatur,
2080 3214 2298 3267 adduci-

261 3306 355 3355 tur
394 3303 455 3354 in
491 3302 792 3370 periculum
831 3300 1093 3352 universae
1132 3296 1384 3349 Ecclesiae
1422 3296 1682 3362 potestas

411 3375 469 3428 Si
506 3394 592 3428 res
630 3375 710 3428 ita
749 3373 1103 3443 concipiatur,
1144 3374 1207 3423 ut
1246 3387 1494 3438 suprema
1532 3365 1831 3419 auctoritas
1884 3367 1938 3417 et
1989 3381 2298 3432 supremum

263 3449 639 3518 magisterium
678 3449 974 3502 collocetur
1014 3446 1073 3498 in
1113 3463 1373 3497 consensu
1415 3441 1656 3494 omnium
1694 3443 1916 3493 aetatum
1964 3442 2018 3490 et
2057 3435 2296 3489 omnium

264 3523 622 3587 ecclesiarum,
674 3526 737 3576 ut
775 3539 1021 3591 suprema
1073 3523 1128 3572 et
1178 3516 1482 3570 infallibilis
1535 3515 1799 3585 magistra
1851 3514 1925 3566 sit
1975 3508 2295 3564 universalis

266 3596 532 3661 Ecclesia,
591 3614 712 3666 quae
761 3594 1134 3666 magisterium
1185 3610 1339 3644 suum
1392 3590 1626 3658 explicat
1677 3588 1787 3642 sive
1843 3587 1903 3640 in
1958 3582 2296 3638 oecumenicis

267 3670 508 3730 conciliis
545 3670 604 3726 in
641 3669 847 3746 Spiritu
899 3671 1086 3727 sancto
1128 3665 1466 3732 convocatiS,
1519 3664 1632 3721 sive
1671 3681 1791 3722 cum
1842 3680 1935 3736 per
1987 3658 2296 3717 universum
