2722 4146
2173 252 2242 303 5⁷7

350 399 530 455 Verba
581 417 709 453 vero
761 399 859 452 illa
913 397 1116 453 Gelasii
1161 395 1396 469 ⁴epistola
1433 397 1558 453 VII.
1611 398 1677 452 ad
1717 394 2070 451 Anastasium
2108 397 2243 467 Imp.

201 475 259 527 in
318 493 476 528 causa
533 473 747 527 Aeacii:
815 473 964 527 «Hoc
1011 480 1104 542 est,
1159 475 1298 543 quod
1358 474 1506 528 sedes
1561 472 1873 540 Apostolica
1934 489 2247 540 maynopcre

202 555 359 614 cavet,
400 555 474 614 ut,
516 550 643 618 quia
681 548 876 601 mundo
913 550 1078 601 radix
1116 555 1193 603 est
1230 549 1477 615 Apostoli
1514 548 1748 616 yloriosa
1794 548 2046 613 confessio
2100 545 2158 614 (i.
2199 565 2244 600 e.

200 623 296 676 illa
349 624 496 688 fides,
549 640 707 692 quam
763 623 1038 675 confessus
1091 627 1172 677 est
1221 623 1446 676 Petrus:
1502 627 1559 676 tu
1607 640 1662 675 es
1711 620 1960 674 Christus
1999 664 2011 674 .
2057 665 2068 676 .
2112 660 2124 672 .
2165 624 2247 675 est

201 697 356 750 radix
414 701 470 751 et
519 697 932 750 fundamentum
989 697 1283 766 Ecclesiae),
1342 697 1494 749 nulla
1550 699 1690 750 rima
1725 697 2034 764 pravitati&
2094 695 2246 748 nulla

191 788 422 838 prorsus
460 771 764 838 contayione
801 771 1096 825 maculetur
1136 771 1268 839 (haec
1308 771 1437 823 fides
1478 771 1667 841 Petri).

349 846 492 898 Nom
530 847 579 898 si
619 844 784 912 (quod
805 844 956 897 Deus
994 848 1238 899 avertat!
1271 846 1410 914 quod
1444 846 1566 912 fieri
1603 863 1702 898 non
1721 863 1879 912 posse
1905 844 2243 910 confidimus)

203 921 307 973 tale
357 921 569 987 aliquid
621 921 923 986 proveniret
978 920 1064 986 (ut
1122 920 1234 972 haec
1293 920 1421 972 fides
1461 919 1613 972 Petri
1664 919 2069 989 macularetur),
2109 919 2248 971 unde

196 996 450 1062 cuiquam
489 995 734 1047 resistere
774 995 1091 1047 auderemus
1129 1011 1312 1059 erroro,
1356 995 1435 1047 cel
1472 994 1610 1046 unde
1649 995 2014 1046 correctionem
2066 1010 2249 1045 erran-

203 1070 343 1122 tibus
385 1086 735 1135 posceremus.
749 1088 774 1115 »
868 1067 997 1121 Haec
1047 1069 1225 1132 verba,
1277 1069 1515 1137 inquam,
1575 1068 1654 1120 ita
1693 1067 2048 1137 intelligenda
2088 1070 2246 1120 sunt:

200 1142 482 1214 Agebatur
522 1143 584 1195 de
626 1161 783 1195 causa
822 1141 1023 1205 Aeacii,
1067 1160 1186 1211 quae
1225 1147 1287 1195 111
1327 1161 1489 1211 supra
1527 1143 1593 1194 ab
1633 1143 1815 1195 eodem
1844 1141 2058 1194 Gelasio
2094 1141 2247 1194 audi-

202 1218 396 1281 vimus,
438 1217 497 1269 in
537 1217 746 1286 synodo
788 1216 1212 1269 Chalcedonensi
1251 1217 1431 1270 fuerat
1464 1218 1576 1286 jam
1614 1217 1966 1286 praejudicata
2013 1219 2067 1268 et
2106 1234 2248 1284 prae-

202 1292 486 1354 damnata3
529 1310 657 1362 ergo
699 1291 882 1361 agitur
922 1291 984 1343 de
1024 1291 1145 1343 sede
1197 1290 1533 1360 Apostolica,
1588 1290 1688 1353 cui,
1742 1295 1804 1344 ut
1843 1309 2006 1359 supra
2043 1290 2248 1358 pariter

200 1367 268 1418 ab
308 1366 493 1419 eodem
533 1365 746 1419 Gelasio
786 1365 1104 1429 audivimus,
1158 1365 1430 1418 consentit
1482 1364 1930 1418 Chalcedonensis
1978 1364 2245 1432 synodus:

200 1440 383 1510 agitur
435 1441 499 1493 de
568 1440 689 1493 sede
739 1439 1075 1508 Apostolica,
1147 1458 1265 1509 quae
1336 1439 1603 1492 universae
1662 1439 1914 1491 Ecclesiae
1970 1438 2129 1490 fidem
2188 1438 2245 1489 in

201 1533 256 1567 se
313 1515 583 1584 exprimit,
644 1518 1013 1583 repraesentat,
1076 1513 1513 1583 comprehendit;
1583 1517 1637 1565 et
1710 1513 1829 1565 ideo
1878 1513 2073 1565 merito
2121 1531 2250 1564 con-

202 1589 374 1642 cludit
413 1589 685 1652 Pontifex,
747 1588 794 1640 si
851 1589 1115 1641 accideret
1169 1593 1230 1641 ut
1288 1588 1402 1639 haec
1439 1585 1760 1655 Apostolica
1818 1587 1967 1639 sedes
2018 1586 2156 1638 rima
2196 1590 2249 1638 et

200 1663 524 1732 contagione
564 1663 853 1731 pravitatis
893 1663 1267 1725 macularetur,
1310 1662 1373 1713 de
1412 1661 1517 1712 fide
1545 1665 1598 1713 et
1627 1661 1690 1713 de
1717 1661 1956 1714 Ecclesia
1984 1660 2249 1713 catholica

202 1738 599 1790 conclamatum
639 1740 794 1789 esset.
876 1735 977 1788 Sed
1016 1736 1119 1788 hoc
1158 1735 1299 1787 nihil
1339 1735 1470 1788 facit
1527 1735 1592 1787 ad
1631 1735 1781 1787 illam
1819 1735 2156 1804 personalem
2196 1738 2249 1786 et

200 1831 230 1864 a
269 1815 388 1864 tota
427 1811 668 1863 Ecclesia
707 1810 1158 1879 independentem
1212 1810 1372 1862 unius
1425 1808 1580 1862 Rom.
1622 1809 1904 1862 Pontificis
1944 1809 2249 1861 infallibili-

199 1889 371 1939 tatem
409 1884 806 1938 adstruendam.
887 1883 1182 1937 Praeterea:
1226 1903 1336 1937 non
1379 1883 1511 1936 dicit
1548 1883 1834 1936 Pontifex:
1881 1883 1960 1936 «si
2007 1883 2248 1952 Aposto-

200 1960 304 2012 lica
359 1960 504 2012 sedes
544 1959 924 2022 macularetur,
979 1959 1068 2011 sed
1110 1959 1154 2011 si
1196 1959 1442 2024 Apostoli
1481 1958 1714 2026 oloriosa
1754 1959 2024 2024 confessio,
2079 1958 2163 2009 vel
2203 1958 2249 2010 si

200 2035 346 2097 fides,
402 2053 561 2103 quam
614 2034 889 2086 confessus
945 2038 1026 2086 est
1079 2033 1288 2095 PetruS,
1344 2033 1737 2085 macularetur:
1792 2033 1934 2102 quod
1986 2031 2051 2083 ad
2099 2032 2248 2083 illam

200 2109 539 2179 personalem
590 2108 744 2160 Rom.
807 2107 1085 2160 Pontificis
1138 2107 1590 2160 infallibilitatem
1641 2107 1816 2160 adhuc
1866 2107 2045 2158 minus
2097 2105 2245 2158 facit.

200 2183 466 2235 Tandem:
509 2183 553 2235 si
593 2183 707 2234 haec
745 2182 907 2234 verba
947 2182 1330 2251 intelligantur
1383 2182 1447 2234 de
1498 2181 1616 2249 ipsa
1671 2181 1792 2234 sede
1830 2180 2149 2249 Apostolica
2187 2180 2246 2232 in

201 2275 254 2310 se
294 2257 630 2310 considerata
670 2261 726 2309 et
764 2256 1186 2324 independenter
1225 2274 1256 2307 a
1297 2259 1416 2308 tota
1455 2255 1713 2318 Ecclesia,
1754 2255 1927 2307 adhuc
1964 2273 2075 2306 non
2116 2253 2247 2306 dicit

200 2331 472 2395 Pontifex,
514 2331 632 2382 fieri
671 2349 782 2382 non
820 2348 993 2398 posse,
1035 2334 1096 2382 ut
1124 2333 1295 2391 erret;
1338 2330 1457 2382 sed:
1500 2329 1641 2398 quod
1671 2329 1816 2381 Deus
1842 2332 2073 2392 avertat,
2102 2328 2246 2396 quod

200 2406 317 2457 fieri
363 2424 476 2457 non
527 2423 682 2474 posse
739 2404 1075 2469 confidimus,
1129 2405 1163 2456 i.
1222 2422 1265 2456 e.
1309 2403 1560 2456 fiduciam
1611 2403 1884 2473 exprimit,
1933 2421 2044 2456 non
2085 2402 2246 2456 certi-

202 2479 463 2532 tudinem.

961 2644 1239 2723 Synodus
1287 2648 1503 2721 quinta.

349 2776 584 2839 Quaestio
625 2782 747 2831 orta
785 2781 903 2830 erat
961 2777 1025 2829 de
1073 2777 1244 2830 tribus
1300 2775 1586 2842 Capitulis,
1643 2775 1706 2827 de
1766 2776 2035 2828 Theodoro
2086 2773 2244 2839 Mop-

199 2856 451 2917 maestam,
511 2853 574 2904 116
617 2851 920 2906 Theodoriti
976 2851 1195 2919 scriptis
1253 2851 1508 2903 adversus
1561 2849 1825 2918 Cyrillum
1886 2850 2054 2919 deque
2109 2847 2246 2900 Ibae

202 2926 463 2980 Edesseni
502 2927 732 2996 epistola
770 2927 835 2979 ad
877 2925 1071 2978 Marim
1109 2924 1341 2978 Persam.
1409 2975 1418 2983 ,

349 3000 585 3072 Vigilius
639 3001 894 3055 Pontifex
944 3000 1100 3052 hom.
1157 2998 1635 3066 Constantinopoli
1691 2996 2047 3050 Constitutum
2113 2997 2242 3061 edit,

204 3076 290 3127 cui
327 3075 764 3145 subscripserunt
804 3075 1068 3128 sexdecim
1107 3073 1380 3142 Episcopi,
1422 3091 1562 3124 unus
1602 3071 2029 3124 Archidiaconus
2057 3074 2111 3123 et
2137 3071 2243 3124 duo

203 3149 449 3201 Diaconi.
570 3150 807 3221 Vigilius
877 3149 1225 3211 existimanS,
1295 3166 1326 3199 a
1397 3145 1652 3198 Patribus
1722 3145 2243 3198 Chalcedonensibus

206 3222 493 3291 epistolam
541 3223 648 3276 Ibae
701 3224 1004 3278 rectissimo
1058 3240 1119 3274 ac
1170 3221 1416 3290 piissimo
1467 3237 1625 3271 sensu
1676 3219 2012 3273 intellectam
2052 3220 2243 3273 ortho-

206 3296 397 3348 doxam
437 3297 604 3349 fuisse
637 3299 950 3367 judicatam,
991 3296 1232 3349 decernit
1271 3295 1330 3347 in
1370 3294 1555 3347 eodem
1596 3292 1907 3346 Constituto
1936 3298 1990 3347 et
2017 3294 2240 3348 statuit:

210 3370 377 3423 «Cum
426 3370 484 3421 in
537 3371 800 3436 omnibuS,
854 3376 971 3426 tum
1023 3370 1186 3422 etiam
1238 3369 1295 3421 in
1347 3367 1540 3435 saepius
1579 3371 1875 3421 memorata
1921 3368 2241 3421 venerabilis

206 3444 314 3496 Ibae
372 3444 602 3513 epistola
658 3445 1040 3499 intemeratum
1097 3442 1323 3496 Patrum
1379 3443 1436 3494 in
1497 3440 1833 3495 Chalcedone
1891 3443 2240 3496 residentium

206 3536 420 3571 manere
452 3517 765 3587 judicium.»

355 3591 549 3645 Postea
605 3593 872 3661 prohibet,
932 3611 999 3645 ne
1056 3591 1336 3660 quisquam
1394 3593 1716 3658 praesumat,
1784 3609 1945 3659 super
2004 3588 2240 3658 ejusdem

209 3666 452 3739 epistolae
503 3667 784 3740 negotium
837 3669 922 3723 vel
959 3667 1080 3721 aliis
1119 3666 1176 3720 in
1217 3663 1638 3720 Chalcedonensi
1677 3664 1923 3729 concilio,
1979 3681 2238 3721 consensu
