2722 4146
439 280 505 330 14

432 425 529 476 bus
569 422 818 491 deinceps
856 418 1167 490 pastoribus
1211 435 1272 471 ac
1299 416 1576 489 magistris
1621 417 1842 472 eandem
1882 417 2084 473 tribuit
2122 421 2470 489 potestatem,

429 499 579 567 cujus
619 496 830 565 quidem
871 495 947 547 rei
990 494 1222 563 signum,
1253 493 1397 561 quod
1419 511 1602 545 omnes
1630 493 1884 547 similiter
1911 494 2084 560 ligent
2123 497 2178 547 et
2198 493 2467 548 solvant.»

578 570 632 624 S.
675 570 994 622 Ambrosius
1033 568 1096 619 de
1135 567 1407 637 dignitate
1446 567 1735 620 sacerdotii
1782 567 1966 633 (foetus
2020 586 2133 620 non
2174 567 2470 635 Ambrosii)

432 665 474 699 c.
523 650 632 698 11.:
679 644 874 695 «Pasce
915 660 1040 694 oves
1079 659 1239 693 meas.
1318 641 1459 703 Quas
1499 659 1624 693 oves
1677 646 1731 694 et
1771 660 1928 711 quem
1967 659 2188 712 gregem
2235 659 2345 695 non
2385 661 2472 696 3ο-

430 722 543 773 lum
581 723 711 772 tunc
750 719 936 769 beatus
977 715 1216 784 suscepit
1255 714 1479 780 Petrus,
1532 715 1623 767 sed
1676 719 1730 768 et
1780 716 2058 769 nobiscum
2109 734 2195 768 eas
2235 716 2474 786 suscepit

430 800 484 847 et
524 812 643 846 011111
682 792 778 844 1110
821 810 907 843 eas
947 809 1045 843 nos
1086 789 1418 858 suscepimus
1459 807 1697 842 omnes.»

583 867 637 919 S.
679 866 993 918 Ambrosius
1032 865 1087 916 in
1129 863 1213 917 Ps.
1241 868 1323 916 38.
1369 882 1483 932 cap.
1512 869 1622 916 37.:
1670 864 1843 926 «Tibi,
1886 864 2090 933 inquit,
2134 865 2267 918 dabo
2306 865 2474 918 claves

428 943 578 1011 reyni
617 941 885 1002 coelorum,
927 943 988 992 nt
1028 943 1083 991 et
1122 939 1299 991 solvas
1328 943 1383 991 et
1408 939 1544 1009 liges
1569 982 1578 991 .
1607 979 1617 989 .
1649 983 1659 992 .
1703 939 1855 1001 Quod
1875 938 2038 991 Petro
2066 939 2283 1003 dicitur,
2325 938 2474 1008 Apo-

430 1017 584 1070 stolis
625 1015 840 1068 dicitur.
906 1012 1032 1066 Non
1073 1017 1399 1082 potestatem
1426 1032 1763 1082 usurpamUS,
1805 1014 1896 1065 sed
1923 1013 2184 1066 servimus
2222 1013 2472 1082 imperim

432 1110 497 1144 ne
538 1094 726 1159 postea
767 1107 886 1140 cum
925 1088 1134 1140 venerit
1174 1087 1437 1139 Dominus
1477 1091 1531 1140 et
1570 1088 1769 1157 ligatos
1810 1087 2094 1151 invenerit,
2137 1106 2272 1156 quos
2313 1105 2474 1156 opor-

434 1166 545 1219 tuit
585 1163 740 1226 solvi,
783 1166 1183 1215 commoveatur
1223 1162 1477 1214 adversus
1517 1161 1997 1230 dispensatorem.»

580 1239 631 1291 S.
677 1238 1015 1305 Auqustinus
1054 1240 1213 1290 tract.
1247 1241 1365 1288 118.
1409 1236 1466 1287 in
1506 1235 1696 1288 Joan.:
1743 1235 1930 1288 «Sicut
1957 1237 2016 1288 in
2038 1235 2323 1304 Apostolis
2353 1254 2472 1288 cum

432 1318 571 1367 esset
609 1313 723 1381 ipse
762 1330 1016 1363 numerus
1056 1310 1436 1373 duodenariUS,
1478 1315 1531 1362 et
1572 1329 1756 1362 omnes
1797 1315 1976 1363 essent
2001 1310 2347 1380 interrogati,
2388 1329 2475 1362 so-

431 1390 515 1441 lus
556 1387 749 1439 Petrus
789 1385 1092 1454 respondit:
1148 1386 1231 1437 Τιι
1278 1403 1331 1437 es
1382 1385 1627 1438 Chr-istus
1667 1385 1723 1435 F
1725 1386 1850 1437 ilius
1887 1385 1994 1437 Dei
2033 1387 2166 1436 vivi:
2209 1388 2262 1437 et
2304 1385 2351 1436 ei
2393 1385 2474 1436 di-

433 1463 599 1515 citur:
644 1461 692 1512 T
694 1461 768 1512 ibi
810 1461 942 1512 (labo
970 1460 1139 1512 claves
1163 1463 1315 1526 requi
1342 1460 1612 1522 coelorum,
1655 1463 1911 1528 tanquam
1938 1459 2143 1529 ligandi
2165 1466 2218 1511 et
2234 1458 2476 1510 solvendi

433 1538 580 1590 solus
644 1535 913 1603 acceperit
964 1538 1306 1602 potestatem.
1387 1534 1461 1586 Et
1518 1552 1639 1585 011111
1690 1534 1828 1586 illud
1887 1551 2026 1585 meus
2073 1550 2178 1599 pro
2237 1533 2476 1585 omnibus

435 1613 642 1673 diceret,
687 1615 735 1661 et
773 1610 864 1661 hoc
905 1626 1018 1660 cum
1061 1609 1301 1661 omnihus
1323 1613 1589 1675 tamquam
1620 1626 1906 1673 personam
1932 1625 2116 1675 yereozs
2143 1609 2316 1673 ipsius
2355 1609 2475 1660 uni-

437 1687 565 1738 tatis
605 1685 818 1750 accepit.
900 1683 1023 1735 [deo
1065 1701 1204 1734 unus
1244 1701 1344 1751 pro
1387 1682 1652 1745 omnibus,
1695 1683 1822 1751 quia
1863 1682 2044 1735 unitas
2085 1687 2167 1734 est
2205 1682 2258 1733 in
2302 1681 2476 1734 omni-

434 1761 585 1812 bns.»
668 1758 740 1810 Et
762 1761 1001 1810 tractatu
1025 1762 1110 1809 50.
1138 1757 1194 1808 in
1213 1756 1402 1809 Joan.:
1448 1757 1607 1807 «Tibi
1629 1757 1762 1809 dabo
1803 1758 1971 1809 claves
2009 1758 2160 1822 requi
2200 1757 2472 1820 coelorum,

436 1839 490 1887 et
530 1833 868 1901 quodcunque
907 1832 1159 1898 liyaveris
1186 1873 1195 1883 .
1227 1873 1236 1882 .
1271 1874 1280 1883 .
1326 1830 1382 1883 Si
1421 1830 1524 1882 hoc
1551 1830 1711 1883 Petro
1739 1835 1957 1884 tantum
1983 1831 2187 1883 dictum
2226 1835 2323 1892 est,
2365 1849 2476 1882 non

434 1909 537 1960 hoc
576 1907 710 1959 facit
750 1906 1012 1967 Ecclesia;
1056 1906 1100 1957 si
1141 1910 1322 1958 autem
1363 1910 1415 1957 et
1455 1905 1512 1956 in
1552 1904 1796 1957 Ecclesia
1836 1907 1921 1967 fit,
1973 1909 2035 1958 ut
2076 1922 2193 1973 quae
2233 1905 2289 1956 in
2328 1908 2476 1956 terra

438 1983 684 2052 ligantur
725 1981 783 2032 in
823 1980 954 2032 coelo
997 1980 1263 2050 ligentur,
1306 1984 1359 2032 et
1399 1997 1516 2048 quae
1557 1979 1845 2032 solvuntur
1887 1980 1946 2031 in
1986 1984 2149 2042 terra,
2192 1979 2477 2031 solvantur

438 2057 496 2108 in
538 2055 714 2108 coelis:
758 2055 803 2106 si
843 2055 947 2106 hoc
986 2073 1116 2124 ergo
1159 2054 1215 2105 in
1255 2054 1498 2106 Ecclesia
1542 2054 1618 2116 fit,
1662 2053 1871 2117 Petrus,
1927 2054 2141 2123 quando
2184 2053 2357 2105 claves
2396 2071 2483 2104 ac-

438 2130 595 2199 cepit.
638 2129 932 2181 Ecclesiam
971 2132 1212 2181 sanctam
1252 2128 1598 2198 significavit.

586 2204 926 2270 Ausyzcstimts
967 2221 1121 2255 serm.
1164 2203 1228 2254 de
1267 2203 1494 2255 diversis
1535 2220 1576 2256 0.
1628 2207 1736 2255 11.;
1779 2202 2078 2255 «Dominus
2116 2201 2274 2254 ‚Jesns
2326 2201 2485 2254 disci-

437 2279 592 2348 pulos
634 2297 758 2330 31103
799 2282 926 2330 ante
967 2278 1271 2346 passionem
1292 2296 1443 2329 suam
1464 2276 1643 2346 elegit,
1687 2297 1822 2346 quos
1845 2276 2141 2346 Apostolos
2162 2276 2482 2329 nominavit.

438 2353 590 2407 Inter
631 2353 730 2404 hos
771 2370 905 2421 pene
945 2352 1143 2420 ubique
1183 2351 1330 2404 solus
1354 2351 1547 2404 Petrus
1572 2351 1745 2404 totius
1766 2351 2020 2404 Ecclesiae
2047 2350 2247 2403 meruit
2273 2354 2484 2421 gestare

438 2446 738 2496 personam.
782 2426 1014 2495 Propter
1055 2427 1227 2495 ipsam
1267 2444 1570 2494 personam,
1632 2445 1791 2494 quam
1831 2426 2001 2479 totius
2047 2424 2299 2477 Ecclesiae
2338 2425 2484 2478 solus

438 2502 704 2572 gestabat,
745 2501 931 2552 audire
969 2501 1194 2552 meruit:
1239 2501 1363 2551 Tibi
1403 2500 1536 2551 dabo
1576 2501 1762 2554 clares.
1841 2500 1952 2552 Has
1992 2500 2134 2551 enim
2161 2499 2334 2551 claves
2373 2518 2485 2552 non

438 2575 601 2628 homo
642 2594 800 2638 1111113,
857 2574 946 2626 sed
998 2574 1178 2626 unitas
1219 2574 1427 2642 accepit
1465 2573 1736 2626 Ecclesiae.
1815 2574 1957 2626 Hinc
2009 2592 2138 2643 ergo
2192 2573 2344 2626 Petri
2394 2592 2485 2625 ex-

441 2649 698 2702 cellentia
738 2648 1081 2717 praedicatur,
1125 2647 1250 2717 quia
1290 2648 1459 2716 ipsius
1481 2647 1853 2700 universitatis
1893 2652 1947 2700 et
1975 2647 2204 2700 unitatis
2232 2647 2485 2699 Ecclesiae

441 2725 674 2794 figuram
699 2719 898 2794 gessit,
941 2722 1156 2792 quando
1198 2722 1245 2774 ei
1285 2722 1488 2774 dictum
1528 2725 1635 2773 est:
1678 2722 1798 2774 Tibi
1837 2722 2012 2784 trado,
2055 2722 2198 2789 quod
2239 2722 2484 2774 omnibus

440 2799 705 2851 traditum
744 2802 840 2850 est.
881 2795 1021 2849 Nam
1061 2800 1124 2849 ut
1163 2796 1426 2849 noveritis
1478 2795 1772 2847 Ecclesiam
1811 2795 2075 2864 accepisse
2115 2795 2289 2847 claves
2329 2796 2486 2866 regni

441 2873 727 2926 coelorum:
769 2871 952 2924 audite
991 2871 1047 2923 in
1088 2871 1196 2923 alio
1237 2871 1374 2933 loco,
1417 2870 1547 2939 quid
1588 2869 1850 2922 Dominus
1891 2870 2032 2922 dicat
2060 2869 2307 2922 omnibus
2334 2869 2484 2938 Apo-

443 2947 601 3000 stolis
641 2946 780 2999 suis:
823 2946 1065 3012 Accipite
1105 2945 1368 3010 Spiritum
1406 2950 1660 3007 sanctum,
1705 2948 1757 2997 et
1800 2943 2087 2997 continuo:
2136 2944 2364 3009 Quorum
2403 2962 2483 2996 re·

442 3022 695 3074 miseritis
726 3026 986 3087 peccata.
1019 3061 1030 3072 .
1062 3061 1072 3072 .
1115 3019 1234 3072 Hoc
1273 3019 1338 3072 ad
1378 3019 1552 3071 claves
1591 3018 1856 3087 pertinet,
1912 3018 1976 3070 de
2035 3017 2229 3086 quibus
2280 3017 2484 3071 dictum

445 3099 553 3147 est:
621 3096 765 3160 Quae
802 3096 1065 3148 solveritis
1103 3112 1261 3161 super
1301 3099 1622 3146 terram...
1678 3092 1767 3145 sed
1826 3093 1927 3145 hoc
1986 3091 2148 3144 Petro
2207 3091 2362 3155 dixit,
2422 3098 2484 3146 ut

447 3169 595 3231 301113,
651 3169 776 3236 quia
835 3169 1028 3223 Petrus
1080 3169 1344 3222 universae
1402 3167 1656 3220 Ecclesiae
1712 3184 2001 3236 personam
2057 3170 2190 3218 tunc
2246 3167 2481 3236 gerebat.

447 3240 608 3304 Audi,
651 3243 779 3310 quid
822 3244 927 3311 ipsi
967 3243 1196 3307 dicatur,
1237 3242 1363 3312 quid
1395 3242 1643 3295 omnibus
1671 3240 1919 3293 fidelibus
1946 3240 2174 3293 sanctis:
2218 3241 2277 3293 Si
2294 3258 2483 3307 pecca-

448 3317 584 3368 verit
622 3317 681 3367 in
720 3321 767 3368 te
801 3319 974 3382 frater
1014 3323 1137 3371 tuus
1167 3362 1175 3372 .
1208 3361 1217 3371 .
1251 3359 1261 3370 .
1304 3317 1475 3369 Amen
1514 3317 1630 3369 dico
1668 3315 1825 3379 vobis,
1881 3332 2252 3382 quaecunquae
2291 3316 2485 3385 alliya-

446 3389 631 3442 veritis
662 3431 670 3439 .
704 3432 714 3440 .
746 3430 756 3442 .
795 3390 1050 3455 Ecclesia,
1080 3392 1327 3444 columba
1353 3391 1507 3461 ligat,
1536 3390 1782 3443 columba
1801 3389 1982 3452 solvit,
2011 3388 2295 3442 aedificium
2320 3408 2484 3460 supra

446 3466 658 3532 petram
695 3463 831 3533 ligat
871 3467 924 3516 et
963 3466 1178 3518 solvit.»
1323 3526 1331 3539 ι

596 3537 670 3590 Et
709 3555 822 3606 cap.
863 3536 959 3589 IV.
1002 3540 1235 3607 ejusdem
1286 3538 1577 3593 sermonis:
1633 3536 1864 3590 «Merito
1915 3537 2079 3591 etiam
2127 3542 2254 3608 post
2302 3555 2483 3591 resur-

447 3611 742 3664 rectionem
780 3610 1045 3664 Dominus
1085 3611 1190 3680 ipsi
1216 3613 1379 3667 Petro
1421 3630 1546 3666 oves
1583 3630 1706 3666 suas
1745 3612 2137 3666 commendavit
2175 3611 2480 3682 pascendas

449 3682 577 3738 Non
613 3684 759 3738 enim
794 3684 940 3738 inter
977 3685 1270 3755 discipulos
1310 3705 1436 3740 suos
1473 3687 1622 3740 solus
1658 3685 1860 3739 meruit
1898 3703 2114 3756 pascere
2171 3685 2482 3740 Dominicas
