2612 4062
447 273 553 324 268

445 436 597 470 suam
636 434 903 488 exponere
941 435 1050 470 non
1092 417 1360 487 potuisset
1398 418 1618 472 licentia
1655 422 1711 472 et
1747 418 1977 472 facultas
2017 422 2136 472 erat
2172 418 2278 484 illi,
2334 423 2486 488 post-

444 493 662 545 modum
713 495 902 544 votum
948 510 1104 544 suum
1156 492 1318 545 etiam
1373 511 1435 545 ex
1476 493 1681 562 scripto
1733 493 1905 557 ferre,
1966 497 2020 546 et
2073 497 2260 546 votum
2311 494 2486 546 facere

444 567 608 619 etiam
659 567 717 618 in
770 565 1233 636 Congregatione,
1294 571 1350 620 et
1405 570 1524 620 tum
1572 568 1891 636 praesertim
1942 586 2063 620 cum
2101 567 2288 621 Patres
2326 586 2486 636 super

446 641 664 693 eandem
707 640 988 694 materiam
1031 640 1119 705 (de
1160 659 1266 709 qua
1305 641 1397 694 ille
1436 641 1764 694 sententiam
1802 660 1953 694 suam
1992 642 2307 710 prolaturus
2347 642 2484 710 erat)

442 715 615 767 adhue
654 720 784 768 vota
823 714 950 766 dare
989 716 1207 767 minime
1247 715 1694 784 complevissent3
1735 715 1969 785 licetque
1996 716 2286 784 unicuique
2326 735 2485 785 quam

441 789 692 842 maluerit
731 807 938 842 summa
975 789 1228 842 libertate
1257 790 1573 859 opinionem
1611 790 1696 842 vel
1723 790 1865 842 tueri
1891 791 1975 843 vel
2005 790 2166 843 etiam
2193 790 2483 854 destruere,

441 864 730 917 dummodo
782 882 843 916 ea
895 882 1029 932 quae
1080 863 1418 917 Catholicum
1469 864 1621 917 decet
1671 864 1883 917 dicatur
1935 869 1989 918 et
2028 865 2246 917 tandem
2288 865 2485 918 confir—

440 942 635 991 metur.
692 938 893 992 Evenit
920 938 1061 990 enim
1089 938 1397 1007 aliquando,
1437 943 1499 992 ut
1524 939 1706 1008 aliquo
1733 939 1910 992 minus
1940 940 2202 992 catholice
2230 939 2485 1008 loquente

440 1013 602 1065 multi
639 1018 1015 1083 assurgerent,
1071 1013 1496 1067 conclamantes:
1551 1013 1695 1066 Haec
1734 1032 1843 1066 non
1885 1018 2015 1066 sunt
2052 1014 2303 1076 dicenda;
2357 1013 2487 1066 haec

441 1087 699 1139 haeresim
744 1088 980 1156 sapiunt,
1022 1087 1106 1138 vel
1147 1087 1369 1151 similia,
1413 1107 1582 1157 usque
1621 1088 1751 1140 adeo
1792 1091 1855 1140 ut
1893 1088 2053 1140 etiam
2093 1106 2486 1157 nonnunquam

438 1161 712 1231 aliquibus
753 1163 896 1214 clara
934 1180 1064 1214 voce
1089 1161 1295 1215 dictum
1332 1162 1529 1215 fuerit:
1570 1162 1682 1215 Iste
1722 1166 1804 1215 est
1830 1162 2159 1224 haereticus3
2200 1163 2304 1215 iste
2330 1163 2486 1215 debet

439 1255 466 1287 e
494 1235 932 1308 Congregatione
970 1236 1183 1304 expelli.
1244 1236 1387 1299 Quae
1425 1241 1608 1290 tamen
1646 1237 1809 1289 verba
1850 1236 1997 1289 fuere
2024 1255 2230 1288 summa
2271 1237 2486 1290 ratione

439 1312 505 1363 ab
568 1311 757 1364 Illmis.
811 1311 1031 1381 Legatis
1095 1311 1447 1379 reprehensa,
1512 1330 1576 1364 we
1638 1312 1857 1363 libertas
1919 1311 2162 1378 loquendi
2226 1311 2487 1364 Patribus

439 1387 689 1452 adempta
735 1403 845 1439 esse
894 1386 1179 1439 videretur.
1261 1385 1317 1438 Si
1370 1386 1490 1456 quis
1542 1390 1724 1438 autem
1771 1403 1899 1438 voce
1938 1385 2283 1454 praepeditus
2322 1386 2483 1448 foret,

439 1467 627 1513 votum
679 1479 835 1513 suum
891 1461 950 1512 in
1003 1460 1221 1528 scriptis
1261 1461 1461 1525 defert,
1505 1461 1648 1530 quod
1689 1478 1785 1513 suo
1836 1460 1953 1512 loco
2005 1460 2301 1512 exhibitum
2343 1460 2487 1512 clara

439 1553 569 1587 voce
632 1553 727 1603 per
792 1534 1152 1588 Secretarium
1215 1535 1434 1605 legitur.
1531 1535 1678 1587 Idem
1743 1535 1808 1588 fit
1864 1535 1929 1586 ab
1988 1534 2057 1587 iis
2114 1534 2206 1603 qui
2263 1534 2486 1586 adversa

438 1609 748 1662 valetudine
809 1610 1015 1663 detenti
1067 1609 1497 1679 Congregationi
1553 1609 1814 1663 interesse
1871 1628 1984 1662 non
2035 1613 2284 1678 possent,
2342 1609 2486 1678 quod

439 1683 602 1736 etiam
641 1703 737 1753 per
778 1683 1141 1737 Secretarium
1191 1684 1502 1738 adnotatur.
1577 1684 1964 1736 Consideratur
1994 1687 2179 1752 postea
2203 1684 2268 1735 ab
2295 1683 2483 1735 Illmis.

438 1757 900 1821 PraesidentibUS,
954 1763 1016 1812 ut
1063 1763 1197 1828 puta
1245 1758 1290 1811 si
1329 1758 1549 1828 aliquod
1591 1759 1785 1828 dogma
1823 1778 1854 1811 a
1895 1758 2146 1811 Patribus
2186 1758 2483 1811 discussum

437 1833 631 1897 fuerit,
690 1834 1210 1902 perpendunturque
1267 1833 1491 1885 Patrum
1549 1833 1851 1886 sententiae
1908 1836 1964 1885 et
2014 1832 2306 1884 secundum
2363 1832 2485 1884 illas

435 1907 704 1961 formatur
743 1908 1035 1971 decretum,
1078 1908 1221 1977 quod
1262 1912 1446 1976 postea
1483 1908 1540 1959 in
1581 1906 2106 1978 Congregationibus
2144 1906 2486 1976 generalibus

437 1983 779 2051 propositum
835 1983 1204 2046 examinatur,
1270 2000 1631 2051 censuraeque
1689 1983 1746 2033 in
1811 2001 1872 2034 eo
1925 2000 1956 2033 a
2003 1980 2287 2039 Patribus?
2310 1981 2484 2034 factae

436 2056 801 2120 adnotantur,
850 2059 1011 2126 juxta
1063 2075 1194 2126 quas
1248 2056 1438 2108 deinde
1488 2057 1667 2125 ipsum
1715 2057 1989 2109 decretum
2040 2055 2124 2107 vel
2176 2056 2240 2107 ab
2291 2055 2480 2108 Illmis.

435 2128 671 2201 Legatis,
714 2132 797 2183 vel
835 2133 900 2184 ab
939 2131 1006 2184 iis
1046 2131 1240 2200 quibus
1267 2131 1404 2182 illud
1432 2131 1752 2183 conficiendi
1781 2149 1908 2183 cura
1948 2130 2267 2182 demandata
2305 2130 2484 2182 fuerat

434 2206 788 2270 reformatur,
830 2210 892 2258 ut
929 2206 1158 2258 inferius
1197 2224 1293 2258 suo
1333 2206 1452 2258 loco
1494 2206 1720 2258 dicetur.
1802 2204 1859 2257 Si
1898 2223 2024 2257 vero
2067 2204 2323 2258 dicuntur
2362 2223 2483 2256 sen-

434 2280 639 2333 tentiae
678 2299 837 2349 super
876 2281 1057 2349 aliqua
1095 2298 1170 2343 re,
1211 2298 1346 2349 quae
1386 2281 1658 2348 praesenti
1698 2279 2084 2332 deliberatione
2121 2279 2380 2348 indigeat,
2422 2283 2483 2331 ut

435 2354 498 2406 de
537 2355 718 2424 aliqua
745 2355 1099 2424 deputatione
1124 2354 1347 2407 Patrum
1381 2355 1639 2418 facienda,
1678 2373 1838 2423 super
1865 2354 1950 2406 die
1976 2354 2192 2406 futurae
2227 2352 2484 2405 sessionis

432 2429 741 2493 indicendo,
796 2448 956 2498 super
1008 2429 1335 2482 admissione
1385 2428 1614 2498 alicujus
1670 2427 1919 2482 Oratoris
1966 2431 2022 2481 et
2071 2427 2156 2480 his
2196 2427 2481 2491 similibus,

433 2507 567 2556 tunc
623 2504 927 2557 sententiae
985 2504 1133 2556 illico
1191 2507 1578 2566 numerantur,
1637 2508 1691 2556 et
1741 2505 1900 2572 juxta
1956 2504 2214 2572 majorem
2271 2505 2482 2570 partem

436 2578 794 2630 concluditur.
872 2578 1004 2631 Cum
1056 2595 1183 2630 vero
1226 2576 1688 2647 Congregationes
1743 2596 1774 2628 a
1812 2577 2042 2645 prandio
2082 2576 2248 2639 fiunt,
2302 2575 2482 2628 omnia

435 2651 682 2721 superius
721 2652 991 2722 descripta
1016 2653 1375 2705 observantur
1413 2655 1637 2720 excepta
1674 2650 1869 2702 Missae
1911 2650 2285 2703 celebratione.
2315 2680 2381 2686 —
2412 2680 2478 2688 -—

627 2818 722 2876 De
772 2817 1331 2893 Conyreyationibus
1379 2816 1792 2875 Praelatorum
1841 2815 2282 2890 Theoloyorum.

583 2949 850 3011 Quoniam
919 2950 979 3002 in
1050 2949 1445 3002 examinatione
1502 2966 1638 3018 quae
1700 2948 1766 3001 fit
1826 2947 1884 2998 in
1950 2945 2479 3016 Congregationibus

434 3024 779 3092 generalibus
830 3042 992 3093 super
1044 3023 1274 3077 decretis
1326 3023 1393 3075 ad
1440 3023 1693 3093 dogmata
1731 3021 1855 3074 fidei
1896 3020 2266 3090 (facientibus)
2306 3019 2478 3088 perti-

435 3098 707 3162 nentibuS,
748 3098 938 3152 Patres
977 3117 1371 3167 nonnunquam
1409 3098 1600 3150 afferre
1638 3096 1816 3149 solent
1853 3095 2060 3164 aliquas
2095 3112 2343 3147 censuras
2385 3112 2476 3146 seu

435 3171 833 3236 adnotationeS,
875 3191 1011 3242 quae
1050 3192 1159 3226 non
1202 3173 1281 3226 ita
1306 3172 1463 3225 facile
1502 3171 1558 3223 in
1592 3170 1724 3240 ipsis
1764 3170 1993 3223 decretis
2033 3169 2117 3222 vel
2144 3187 2239 3238 per
2265 3167 2476 3221 Praesi-

437 3244 624 3298 dentes
671 3250 728 3300 et
765 3246 999 3317 Legatos
1040 3247 1125 3299 vel
1164 3265 1259 3317 per
1298 3265 1388 3299 eos
1428 3246 1715 3315 deputatos
1753 3245 1948 3314 quibus
1988 3263 2116 3296 cura
2154 3241 2477 3296 conficiendi

434 3318 743 3388 hujusmodi
782 3321 996 3374 decreta
1034 3326 1090 3375 et
1129 3339 1288 3391 super
1327 3321 1403 3373 eis
1442 3337 1691 3373 censuras
1717 3318 2039 3371 discutiendi
2065 3321 2227 3387 atque
2251 3315 2477 3391 aptandi

436 3392 754 3446 demandata
800 3399 881 3448 est
899 3435 911 3459 ,
968 3414 1059 3448 seu
1111 3397 1180 3448 ob
1231 3394 1600 3448 diversitatem
1647 3393 2040 3446 sententiarum
2092 3409 2186 3444 seu
2235 3390 2475 3460 ipsarum

436 3485 783 3520 censurarum
806 3469 1132 3538 gravitatem
1168 3469 1348 3539 aptari
1385 3471 1633 3538 possunt,
1672 3466 1888 3521 habitae
1926 3471 2058 3520 sunt
2081 3465 2180 3519 sub
2199 3464 2368 3518 Paulo
2389 3463 2475 3517 111

436 3545 492 3595 et
545 3538 696 3594 Julio
753 3541 836 3593 III
901 3541 1364 3615 Congregationes
1420 3542 1790 3596 Praelatorum
1847 3541 2276 3611 Theologorum‚
2334 3538 2475 3591 idest
2595 3570 2605 3597 -ᾗ

435 3633 622 3668 eorum
670 3613 921 3680 Patrum,
981 3618 1076 3686 qui
1134 3617 1422 3687 praecipue
1476 3633 1681 3671 sacram
1719 3616 2051 3684 profitentur
2100 3612 2467 3684 Theologiam‚

438 3689 531 3763 qui
582 3689 966 3744 convenientes
1016 3708 1195 3746 coram
1246 3691 1424 3746 Illmo.
1474 3691 1540 3746 D.
1591 3689 1746 3747 Oard.
1801 3688 1854 3746 S.
1896 3688 2084 3746 Crucis
2130 3686 2224 3743 Π.0
2259 3684 2467 3742 Ρῐειθεί-
2547 3628 2612 4062 ¹
