2722 4146
1237 1003 1304 1084 I.

1135 1183 1419 1254 Quaestio.

405 1303 690 1367 Quaeritur,
734 1323 862 1356 num
883 1305 1123 1375 regimen
1152 1307 1404 1360 Ecclesiae
1446 1309 1519 1361 sit
1545 1310 1949 1363 monarchicum
1975 1312 2301 1379 absolutum,

255 1396 320 1429 an
364 1379 767 1431 monarchicum
808 1383 1200 1448 temperatum?
1259 1401 1349 1434 seu
1398 1383 1506 1435 alio
1547 1384 1732 1448 modO,
1788 1404 1915 1437 num
1958 1386 2113 1439 Rom.
2158 1387 2302 1441 Pon-

255 1452 391 1504 tifici
434 1471 685 1505 concessa
739 1454 811 1505 sit
851 1473 881 1506 a
922 1453 1138 1507 Christo
1181 1455 1415 1509 Domino
1471 1462 1582 1510 tota
1635 1461 1841 1511 omnino
1885 1461 2162 1525 plenitudo
2205 1481 2304 1529 po-

255 1529 476 1590 testatis,
533 1548 602 1579 an
655 1547 904 1580 concessa
956 1529 1028 1581 sit
1082 1530 1365 1597 potissima
1415 1532 1629 1599 quidem
1669 1552 1794 1601 pars
1837 1536 2150 1602 potestatis,
2212 1537 2302 1588 sed

254 1619 364 1652 non
405 1605 547 1664 tota3
607 1602 684 1654 ita
737 1605 795 1654 ut
846 1607 963 1655 tota
1014 1603 1298 1671 plenitudo
1348 1606 1719 1658 ecclesiasticae
1758 1608 2048 1674 potestatis
2091 1614 2304 1662 constet

253 1680 368 1728 tum
419 1695 482 1726 ex
532 1680 801 1745 potestate
852 1676 1006 1729 Rom.
1050 1677 1332 1730 Pontificis
1384 1683 1645 1749 tanquam
1697 1681 1963 1734 elemento
2017 1683 2302 1751 potissimo

253 1755 306 1803 et
346 1769 407 1802 ex
449 1754 721 1819 potestate
761 1750 1181 1819 Episcoporum,
1237 1756 1494 1822 tanquam
1536 1755 1799 1807 elemento
1842 1756 2002 1825 longe
2042 1756 2303 1810 inferiore

252 1830 305 1878 et
355 1825 526 1894 priori
579 1825 972 1877 subordinato‘?
1081 1825 1218 1878 Item
1282 1828 1562 1896 quaeritur,
1634 1847 1763 1880 num
1814 1830 2194 1900 magisterium
2247 1836 2301 1883 et

246 1899 510 1969 judicium
551 1917 859 1968 supremum
899 1904 952 1951 et
989 1900 1276 1953 infallibile
1328 1902 1405 1954 ita
1445 1902 1677 1956 resideat
1728 1903 1787 1954 in
1832 1903 1986 1956 Rom.
2017 1904 2299 1969 Pontifice,

252 1978 312 2026 ut
364 1974 475 2042 ipse
530 1973 692 2036 solus,
748 1974 1170 2042 independenter
1222 1995 1252 2027 a
1293 1995 1610 2046 quacunque
1652 1978 2035 2046 cooperatione
2076 1984 2129 2032 et
2172 1999 2300 2032 con-

258 2067 418 2100 sensu
469 2048 702 2101 fratrum
755 2067 976 2101 suorum
1029 2053 1082 2101 et
1135 2049 1387 2102 Ecclesiae
1441 2052 1513 2103 sit
1565 2071 1846 2120 supremus
1901 2057 1954 2105 et
1995 2053 2300 2106 infallibilis

247 2123 447 2191 judex?

1053 2239 1496 2314 Argumentum.

399 2355 501 2408 Illa
527 2358 769 2423 potestas
811 2359 891 2405 est
931 2353 1083 2404 Rom.
1115 2352 1370 2405 Pontifici
1408 2353 1775 2417 adscribenda,
1817 2372 1935 2422 quae
1986 2354 2039 2406 1⁰
2071 2354 2292 2417 sufficit,

253 2434 314 2481 ut
357 2430 694 2497 explicentur
737 2446 802 2479 ss.
833 2427 1140 2496 scripturae;
1192 2445 1309 2495 quae
1352 2428 1414 2479 2⁰
1452 2428 1744 2496 respondet
1786 2428 1868 2478 illi
1911 2428 2293 2480 constitutioni

253 2503 522 2566 Ecclesiae,
565 2521 724 2571 quam
750 2501 1104 2570 Evangelium
1146 2505 1198 2553 et
1239 2501 1495 2569 Apostoli
1534 2501 1790 2562 tradunt3
1838 2502 1897 2553 3⁰
1939 2520 2057 2570 quae
2085 2503 2295 2553 eruitur

252 2596 315 2629 ex
356 2577 648 2629 universali
697 2575 992 2627 traditione
1032 2574 1254 2627 Patrum
1311 2579 1364 2627 et
1413 2593 1476 2626 ex
1519 2574 1812 2626 universali
1863 2575 1968 2626 fide
2007 2574 2293 2637 Ecclesiae,

250 2653 307 2703 in
326 2649 662 2703 oecumenicis
685 2648 939 2702 Conciliis
979 2648 1275 2700 theoretice
1316 2653 1369 2701 et
1408 2649 1642 2717 practice
1679 2648 2049 2709 manifestata3
2093 2649 2296 2717 4⁰quae

251 2727 429 2778 omnia
486 2729 833 2777 monumenta
893 2723 1205 2786 christiana,
1266 2723 1378 2777 scil.
1427 2723 1638 2787 Patres,
1707 2723 1975 2786 Concilia,
2035 2722 2294 2775 historias

252 2799 560 2852 harmonice
601 2798 906 2867 componit3
952 2798 1012 2848 5⁰
1052 2816 1169 2866 quae
1210 2797 1394 2861 efficit,
1436 2802 1498 2850 ut
1534 2798 1586 2849 in
1619 2797 2014 2850 constitutione
2040 2797 2294 2848 Ecclesiae

251 2874 432 2926 divina
482 2872 762 2941 sapientia,
819 2871 1032 2924 bonitas
1083 2875 1136 2924 et
1187 2872 1362 2925 virtus
1412 2872 1848 2942 magnificentius
1887 2871 2292 2940 resplendeant;

254 2949 315 3000 6⁰
365 2967 459 3016 per
513 2966 669 3018 quam
703 2947 996 2998 ‘primatus
1050 2946 1203 2998 Rom.
1246 2946 1530 2999 Pontificis
1583 2948 1842 3013 majorem
1893 2963 2150 3008 amorem,
2208 2963 2292 2996 re-

250 3023 546 3075 verentiam
585 3025 638 3074 et
677 3021 927 3073 fiduciam
967 3020 1201 3088 inspirat
1241 3026 1294 3073 et
1339 3022 1397 3072 7⁰
1438 3039 1622 3073 omnes
1661 3039 1690 3071 a
1731 3019 1997 3072 catholica
2027 3018 2292 3088 religione

250 3097 423 3149 aversi
463 3095 828 3148 vehementius
868 3095 933 3146 ad
976 3095 1240 3147 unitatem
1278 3095 1592 3146 alliciuntur
1633 3098 1686 3146 et
1724 3093 2047 3145 invitantur.

397 3170 569 3240 Atqui
619 3170 666 3222 si
705 3170 1009 3232 definiatur,
1059 3168 1214 3220 Rom.
1263 3168 1578 3221 Pontificem
1616 3168 1813 3219 habere
1859 3167 2072 3235 quidem
2111 3185 2290 3220 veram

245 3245 640 3313 jurisdictionis
670 3248 995 3312 potestatem
1015 3244 1069 3294 in
1110 3243 1416 3295 universam
1443 3241 1754 3303 Ecclesiam,
1797 3242 1887 3293 sed
1907 3245 2287 3310 temperatam;

252 3317 406 3371 Rom.
451 3318 709 3372 Pontifici
761 3319 1014 3371 collatam
1063 3317 1228 3369 fuisse
1280 3336 1309 3368 a
1358 3316 1574 3369 Christo
1626 3315 1684 3367 in
1736 3315 1897 3368 Petro
1949 3315 2288 3384 potissimam

253 3392 622 3446 ecclesiasticae
663 3392 952 3461 potestatis
993 3395 1225 3460 partem,
1279 3391 1368 3443 sed
1419 3408 1530 3442 non
1571 3393 1745 3443 totam
1785 3390 2004 3442 omnino
2046 3391 2287 3458 plenitu-

253 3465 457 3527 dinem;
517 3466 671 3518 Rom.
712 3466 1034 3519 Pontificem
1073 3484 1185 3517 esse
1237 3465 1450 3533 quidem
1504 3483 1812 3532 supremum
1852 3468 1906 3517 et
1945 3463 2285 3515 infallibilem

251 3540 571 3610 magistrum
610 3544 664 3593 et
697 3541 947 3609 judicem,
990 3540 1081 3591 sed
1120 3558 1231 3591 non
1270 3539 1444 3590 solum
1484 3542 1539 3591 et
1576 3557 1606 3589 a
1644 3542 1763 3591 tota
1791 3538 2025 3590 Ecclesia
2064 3536 2284 3588 omnino

252 3613 690 3682 independenter,
749 3615 841 3667 sed
899 3614 1115 3666 unitum
1172 3613 1545 3681 cooperationi
1602 3616 1656 3665 et
1715 3612 2000 3665 consensui
2052 3611 2282 3662 fratrum

252 3704 497 3740 suorum:
549 3687 674 3740 talis
719 3692 961 3757 potestas
1013 3687 1346 3740 adtribuitur
1385 3687 1538 3740 Rom.
1580 3686 1852 3750 Pontifici,
1904 3702 2021 3754 quae
2061 3681 2282 3747 sufficit,

1935 3775 1952 3814 1
