2722 4146
476 272 547 325 98

475 417 861 472 auctoritatem
908 416 1208 472 PontificiS.
1297 414 1454 471 Nihil
1505 415 1710 483 obstat,
1788 415 2076 488 quominus
2131 416 2516 492 intelligamuS,

477 491 528 547 S.
572 493 834 546 Thomam
871 493 1023 563 loqui
1062 492 1125 544 de
1151 491 1430 557 Pontifice‚
1473 492 1565 561 qui
1606 495 1668 546 ut
1707 496 1869 562 caput
1907 493 2122 546 unitum
2159 498 2242 548 est
2266 495 2520 550 Ecclesiae

478 567 711 637 corpori,
752 569 816 621 de
854 567 1135 631 Pontifice,
1177 565 1269 635 qui
1307 567 1367 619 in
1406 585 1461 620 se
1500 566 1765 621 universae
1802 567 2053 620 Ecclesiae
2103 569 2426 623 sententiam
2465 574 2519 623 et

476 642 635 695 fidem
674 642 929 712 exprimit
969 644 1023 693 et
1063 641 1344 711 suggillat.
1422 641 1571 711 Ergo
1611 641 1751 694 nihil
1791 646 1889 706 est,
1931 642 2075 711 quod
2113 662 2213 696 nos
2253 647 2413 714 cogat
2451 644 2518 697 ad

470 717 839 787 judicandum,
883 715 935 769 S.
977 715 1239 768 Thomam
1278 715 1569 785 loquutum
1607 734 1720 769 esse
1771 717 1834 769 de
1873 715 2140 770 Pontifice
2179 718 2312 782 solo,
2365 718 2519 772 inde-

476 791 742 860 pendente
768 791 834 843 ab
861 790 1120 843 Ecclesia.
1174 788 1256 843 Ac
1282 790 1510 860 proinde
1548 809 1833 860 possumus
1859 790 2135 856 arbitrari,
2177 790 2228 845 S.
2258 792 2519 845 Thomam

475 866 765 934 loquutum
805 883 916 918 esse
955 865 1020 917 de
1061 864 1353 930 Pontifice,
1406 864 1500 934 qui
1537 865 1596 917 in
1635 883 1691 918 se
1730 866 2048 918 universalis
2089 865 2342 919 Ecclesiae
2397 885 2519 920 sen-

476 939 705 992 tentiam
745 943 800 992 et
839 939 999 992 fidem
1037 943 1395 1008 repraesentat
1440 943 1494 992 et
1542 940 1965 1008 comprehendit,
2006 941 2090 992 vel
2128 941 2192 993 (16
2231 941 2514 1006 Pontifice,

476 1013 569 1082 qui
609 1014 860 1067 omnibus
901 1015 1211 1083 pastoribus
1250 1014 1452 1083 praesit,
1495 1014 1590 1083 qui
1631 1033 1815 1067 omnes
1867 1019 2082 1068 moveat
2130 1015 2197 1067 ad
2237 1015 2518 1080 unitatem,

475 1087 569 1156 qui
609 1088 702 1140 ubi
741 1107 877 1158 opus
917 1092 1028 1153 est,
1090 1092 1144 1141 et
1184 1107 1367 1142 omnes
1426 1093 1717 1153 convocet,
1778 1093 1832 1142 et
1881 1092 2002 1142 acta
2041 1090 2339 1142 confirmet.
2419 1090 2520 1152 Qui

474 1166 654 1215 autem
701 1167 979 1228 convocat,
1021 1167 1076 1216 et
1102 1164 1404 1227 confirmat,
1433 1181 1545 1215 non
1573 1163 1718 1216 solus
1740 1163 1963 1233 judicat,
2003 1164 2095 1217 sed
2123 1182 2244 1216 cum
2271 1164 2521 1217 universa

474 1236 729 1290 Ecclesia.
811 1236 913 1290 Sed
969 1256 1081 1290 non
1129 1238 1304 1290 solum
1343 1238 1499 1301 licet,
1551 1237 1630 1290 ita
1680 1238 1908 1302 sentire,
1969 1257 2094 1290 nam
2143 1238 2327 1307 plures
2389 1243 2520 1291 sunt

473 1311 732 1377 rationeS‚
784 1329 903 1381 quae
951 1313 1055 1365 hoc
1094 1312 1368 1366 suadeant.
1457 1312 1513 1364 1Ο
1550 1310 1677 1364 Νο11
1728 1315 1811 1365 est
1860 1313 2113 1366 credibile
2164 1311 2215 1366 S.
2257 1313 2520 1365 Thomam

473 1386 626 1455 loqui
666 1405 727 1439 eo
768 1387 959 1451 mod0,
1015 1387 1109 1456 qui
1149 1406 1262 1440 non
1303 1386 1592 1440 conveniat
1629 1387 1943 1455 apostolicae
1993 1391 2049 1440 et
2087 1386 2378 1439 universali
2417 1386 2520 1440 Ec-

474 1461 647 1514 clesiae
685 1461 991 1526 traditioni,
1043 1479 1162 1531 quae
1202 1480 1408 1530 semper
1450 1460 1645 1525 tenuit,
1673 1465 1891 1514 tantum
1917 1460 2239 1514 universalis
2265 1461 2520 1514 Ecclesiae

474 1535 794 1606 suffragium
820 1540 874 1589 et
901 1536 1285 1590 auctoritatem
1314 1555 1425 1588 esse
1453 1535 1699 1589 ultimam
1728 1540 1783 1589 et
1809 1536 2256 1588 irreformabilem
2277 1536 2519 1606 regulam

474 1609 614 1662 fidei.
692 1610 818 1663 Ideo
860 1611 1277 1663 existimandum
1306 1610 1358 1664 S.
1387 1611 1648 1663 Thomam
1674 1610 1825 1679 loqui
1853 1611 1915 1662 de
1941 1610 2224 1674 Pontifice,
2254 1614 2519 1679 quatenus

474 1683 534 1736 in
573 1702 628 1737 se
668 1685 987 1738 universalis
1027 1685 1279 1738 Ecclesiae
1319 1685 1636 1755 suffragium
1691 1689 1745 1738 et
1783 1685 1942 1737 fidem
1995 1684 2280 1753 exprimit:
2343 1685 2405 1737 2⁰
2443 1684 2520 1737 Ut

476 1759 670 1827 probet
708 1778 860 1812 suam
897 1759 1123 1825 thesim,
1175 1760 1279 1813 hoc
1335 1759 1565 1829 primum
1615 1761 1774 1827 ponit
1825 1759 2267 1811 fundamentum:
2333 1758 2519 1811 Editio

475 1833 707 1901 symboli
747 1835 890 1887 facta
929 1838 1010 1887 est
1050 1835 1109 1887 in
1159 1835 1368 1903 synodo
1421 1832 1677 1904 generali.
1757 1832 1860 1886 Sed
1918 1832 2226 1903 hujusmodi
2283 1833 2519 1901 synodus

473 1907 800 1961 auctoritate
840 1909 1007 1962 solius
1048 1909 1241 1962 summi
1274 1908 1557 1961 Pontificis
1597 1911 1782 1977 potest
1819 1907 2156 1977 congregari,
2197 1925 2327 1977 ergo
2354 1907 2518 1960 editio

474 1983 706 2050 symboli
745 1983 810 2035 ad
851 1984 1237 2037 auctoritatem
1277 1983 1470 2035 summi
1493 1981 1776 2035 Pontificis
1815 1983 2074 2051 pertinet,
2117 1985 2170 2034 et
2208 1981 2267 2033 in
2293 2000 2518 2050 respon-

473 2057 625 2109 sione
664 2057 731 2109 ad
774 2062 820 2112 2.
863 2058 1004 2110 idem
1044 2058 1351 2122 concludit,
1408 2057 1534 2126 quia
1590 2056 1918 2110 auctoritate
1957 2055 2240 2109 Pontificis
2280 2055 2517 2125 synodus

474 2136 804 2202 congregata
845 2136 899 2186 et
938 2135 1052 2202 ejus
1092 2133 1365 2186 sententia
1405 2132 1788 2195 coufirmatur,
1843 2148 1962 2199 quae
2003 2130 2184 2183 omnia
2223 2130 2519 2184 ostendunt

471 2204 523 2259 S.
567 2207 828 2259 Thomam
866 2226 977 2260 non
1005 2207 1156 2276 loqui
1194 2208 1256 2260 de
1295 2206 1561 2259 Pontifice
1601 2225 1631 2258 a
1670 2210 1791 2259 tota
1817 2205 2057 2258 Ecclesia
2097 2204 2517 2274 independenter

469 2285 692 2350 agent-e,
746 2282 838 2334 sed
877 2282 940 2334 de
980 2282 1248 2335 Pontifice
1301 2281 1456 2334 unito
1498 2281 1774 2343 Ecclesiae,
1835 2279 1928 2348 qui
1974 2279 2032 2331 in
2072 2297 2127 2332 se
2167 2279 2424 2348 exprimit
2464 2282 2516 2331 et

468 2360 826 2424 repraesentat
852 2356 1120 2409 universae
1147 2356 1400 2409 Ecclesiae
1427 2355 1609 2408 fidem:
1652 2355 1746 2425 qui
1774 2373 1870 2407 sua
1896 2353 2223 2407 auctoritate
2251 2354 2516 2406 universae

469 2429 723 2483 Ecclesiae
781 2431 1108 2484 sententiam
1167 2435 1221 2484 et
1278 2430 1583 2484 doctrinam
1642 2429 1944 2483 confirmat.
2035 2428 2109 2481 Et
2166 2446 2229 2480 ex
2287 2427 2518 2480 historia

469 2503 682 2569 scimuS,
723 2505 879 2557 Rom.
919 2504 1211 2558 Pontifices
1265 2523 1433 2574 usque
1473 2505 1538 2556 ad
1579 2508 1824 2572 tempora
1877 2502 1929 2556 S.
1972 2502 2191 2555 Thomae
2239 2520 2353 2554 non
2409 2501 2517 2554 nisi

470 2576 530 2629 in
580 2578 823 2631 Concilio
877 2583 930 2631 et
984 2597 1105 2631 cum
1162 2579 1434 2648 adjutorio
1488 2577 1743 2630 Ecclesiae
1802 2577 1928 2628 fidei
1979 2576 2220 2645 symbola
2270 2575 2513 2629 edidisse.

473 2651 535 2704 3⁰
574 2652 811 2718 Tandem
851 2653 995 2721 quod
1035 2652 1086 2706 S.
1129 2653 1362 2706 Thomas
1402 2671 1515 2704 non
1555 2652 1686 2704 satis
1727 2651 2081 2714 determinat,
2132 2650 2516 2704 determinavit

472 2724 524 2778 S.
566 2725 885 2780 Antoninus
936 2728 1050 2796 ejus
1090 2727 1403 2795 discipulus
1469 2725 1741 2794 Uterque,
1789 2723 1841 2777 S.
1883 2723 2202 2776 Antoninus
2255 2742 2419 2792 supra
2461 2722 2513 2776 S.

469 2800 701 2854 Thomas
742 2800 943 2854 Gomm.
985 2802 1045 2854 in
1084 2801 1284 2854 Lucam
1334 2800 1590 2854 tradunt:
1660 2797 2029 2851 «Universalis
2080 2797 2333 2850 Ecclesiae
2384 2797 2515 2850 fides

467 2893 581 2928 non
619 2879 802 2945 potest
842 2875 1066 2929 deficere
1094 2876 1330 2929 Domino
1370 2874 1617 2927 dicente:
1658 2873 1842 2941 royavi
1858 2889 1961 2938 pro
1989 2877 2050 2936 te,
2091 2877 2153 2924 ut
2177 2889 2277 2924 non
2304 2872 2517 2938 deficiat

463 2951 599 3017 fides
638 2955 796 3004 tuam
838 2954 1067 3020 uterque
1107 2950 1414 3013 constituit,
1455 2949 1645 3001 debere
1683 2947 1739 3000 in
1779 2946 2017 2999 Ecclesia
2055 2963 2168 2998 esse
2206 2964 2513 3015 supremum

461 3025 720 3094 judicem,
760 3024 827 3077 ad
867 3043 1026 3094 quem
1065 3028 1271 3095 spectet
1297 3023 1535 3077 finaliter
1563 3021 1924 3076 determinare
1951 3038 2026 3085 ea,
2067 3038 2185 3090 quae
2213 3024 2342 3073 sunt
2369 3020 2512 3086 fidei,

468 3102 530 3151 ut
571 3100 639 3152 ob
680 3099 927 3153 omnibus
962 3100 1284 3154 inconcussa
1322 3098 1426 3151 fide
1463 3101 1780 3160 teneantur,
1833 3099 1886 3148 et
1937 3094 2078 3147 hanc
2128 3094 2361 3164 judicem
2401 3113 2514 3147 non

468 3190 580 3225 esse
606 3173 713 3226 nisi
739 3173 894 3227 Rom.
916 3174 1252 3228 Pontificem.
1307 3172 1480 3242 Atqui
1506 3171 1720 3241 quando
1748 3168 2042 3238 discipulus
2071 3167 2144 3236 (S.
2170 3168 2513 3238 Antoninus)

466 3246 732 3312 declarat,
788 3249 1058 3317 quomodo
1106 3267 1345 3302 summus
1384 3246 1672 3311 Pontifex,
1730 3243 1825 3314 qui
1881 3246 1963 3296 est
2014 3243 2188 3295 errori
2228 3242 2511 3307 obnoxius,

467 3321 643 3390 possit
679 3320 875 3375 habere
914 3326 1124 3377 tantam
1164 3321 1564 3386 auctoritatem,
1623 3318 1952 3390 pronunciat
1990 3317 2329 3382 Pontificem,
2383 3316 2513 3370 licet

469 3395 644 3464 possit
681 3413 879 3460 errare,
920 3415 1025 3466 qua
1064 3398 1281 3468 privata
1319 3413 1582 3466 persona,
1633 3412 1748 3447 non
1783 3410 1940 3461 posse
1980 3410 2190 3456 errare,
2244 3394 2511 3460 quatenus

469 3468 646 3523 utitur
687 3469 914 3522 concilio
965 3475 1021 3524 et
1058 3472 1290 3541 requirit
1328 3469 1661 3541 adjutorium
1699 3466 2019 3520 universalis
2058 3465 2338 3530 Ecclesiae,
2387 3464 2423 3517 i.
2464 3482 2508 3516 e.

466 3542 790 3597 Pontificem
829 3543 1175 3599 definientem
1212 3565 1325 3599 non
1363 3562 1476 3598 esse
1513 3543 1619 3596 nisi
1659 3540 1995 3605 Pontificem,
2049 3540 2144 3610 qui
2182 3539 2242 3592 in
2279 3557 2335 3592 se
2385 3537 2510 3591 uni-

468 3617 691 3672 versalis
728 3616 982 3671 Ecclesiae
1037 3620 1356 3690 suffragium
1407 3622 1463 3672 et
1511 3617 1669 3670 fidem
1721 3618 2104 3684 repraesentat,
2157 3612 2416 3683 exprimit
2453 3615 2509 3664 et

467 3693 773 3748 confirmat.
835 3691 987 3764 Ergo
1026 3693 1276 3748 debemus
1302 3698 1487 3749 tenere
1510 3695 1566 3746 et
1591 3692 1644 3747 S.
1671 3689 1931 3746 Thomam
1955 3687 2108 3759 loqui
2134 3687 2199 3742 de
2225 3686 2506 3752 Pontifice,
