2722 4146
2104 332 2214 391 '113

173 479 306 539 facti
343 486 634 550 remaneat,
675 480 762 537 vel
801 504 944 551 116116,
991 482 1117 556 »qui
1156 482 1289 540 facti
1328 491 1411 541 est
1448 488 1680 550 tantum,
1721 484 1780 538 in
1818 483 2037 549 utendo,
2078 502 2219 554 prae-

173 561 265 613 bet
323 560 602 644 utentibus
660 559 801 612 nihil
845 560 1002 630 juris.
1012 580 1036 608 «
1117 561 1278 614 Hunc
1329 579 1505 614 usum·
1525 561 1760 613 declarat
1800 577 1913 612 esse
1951 564 2216 626 sanctum,

173 613 541 698 meritorium,
584 633 784 703 quippe
824 634 917 703 qui
957 636 1200 704 exemplo
1242 635 1446 689 Christi
1486 636 1865 699 confirmetur,
1905 637 2067 703 atque
2105 634 2220 687 haec

174 726 381 761 summa
429 707 691 761 doctrinae
730 711 829 772 est,
872 727 976 778 qua
1016 710 1179 763 etiam
1220 710 1544 778 ipsissimam
1583 709 1832 762 instituti
1869 708 2221 761 Franciscani

173 781 439 835 rationem
478 799 540 834 ac
585 782 971 851 perfectionem
1012 783 1069 836 in
1107 784 1412 837 imitatione
1453 784 1656 837 Christi
1697 787 2065 848 constantem,
2127 802 2218 835 ex-

173 874 409 925 pressam
462 874 574 908 esse
624 857 831 919 voluit3
897 858 1195 910 dominium
1232 877 1359 912 vero
1399 878 1608 923 rerum,
1675 876 1793 927 quae
1845 857 2220 910 Franciscanis

175 931 404 994 dantur,
459 930 525 982 ad
564 949 618 982 66
664 935 717 983 613
769 931 1063 985 Ecclesiam
1115 933 1282 986 Rom.
1335 934 1614 986 transfert.
1655 932 1938 1001 Praecipit,
1992 935 2056 986 ut
2106 932 2220 985 haeo

177 1004 512 1057 Constitutio
564 1005 777 1075 legatur
830 1010 883 1058 et
937 1011 1239 1075 exponatur
1298 1007 1356 1059 in
1405 1008 1604 1060 scholis
1657 1007 1773 1059 sine
1825 1006 2037 1076 glossis,
2117 1007 2220 1068 Qui

176 1082 367 1131 contra
406 1078 666 1147 praedicta
717 1080 1230 1151 determinaverint,
1297 1081 1869 1134 excommunicationis
1934 1081 2219 1134 sententiae

176 1154 461 1222 subjacere.
539 1152 670 1206 Haec
721 1153 1086 1219 Constitutio,
1139 1159 1328 1223 postea
1377 1175 1407 1208 a
1460 1156 1732 1209 Clemente
1784 1154 1850 1208 V.
1903 1154 2219 1223 adprobata,

177 1227 293 1297 agit
333 1227 395 1279 de
433 1245 491 1279 16
530 1246 743 1280 1110111111
783 1229 867 1280 vel
907 1229 1046 1292 fidei,
1102 1230 1247 1282 edita
1286 1234 1368 1283 est
1406 1235 1525 1283 tota
1566 1230 1704 1283 sedis
1743 1228 2056 1298 apostolicae
2095 1247 2220 1281 auc-

177 1300 401 1354 toritate
441 1320 501 1353 ac
539 1303 767 1370 proinde
808 1303 854 1355 si
894 1304 952 1355 in
991 1322 1148 1357 sensu
1188 1305 1619 1358 adversariorum
1673 1323 1786 1357 non
1837 1307 1920 1356 est
1972 1303 2220 1356 definitio

181 1394 244 1427 ex
284 1376 553 1440 cathedra,
594 1377 774 1430 nescio
815 1397 1060 1446 quaenam
1100 1379 1188 1432 sit.

326 1448 450 1502 Jam
489 1469 617 1503 vero
644 1450 679 1503 J
683 1471 881 1504 oannes
910 1451 1082 1505 XXII.
1126 1471 1269 1505 anno
1304 1457 1439 1504 1322
1482 1451 1735 1520 (Constit.
1759 1451 1850 1504 Ad
1871 1452 2215 1518 conditorem)

178 1523 332 1576 illum
374 1525 670 1593 simplicem
708 1527 839 1579 facti
878 1546 1046 1590 usum,
1090 1528 1154 1579 ab
1196 1527 1384 1579 utendi
1418 1529 1540 1596 jure
1567 1526 1900 1591 distinctum,
1941 1526 2119 1595 rejicit
2158 1531 2221 1578 ut

178 1598 581 1667 impossibilem,
623 1601 779 1653 docet
819 1620 939 1653 611111
979 1620 1076 1653 1166
1116 1620 1329 1666 verum,
1370 1620 1469 1653 nec
1502 1603 1712 1671 justum
1764 1619 1906 1664 esse,
1966 1619 2086 1652 cum
2136 1601 2221 1652 111-

176 1674 387 1742 justum
426 1673 514 1738 sit,
557 1675 602 1727 si
643 1675 763 1743 quis
791 1676 969 1745 aliqua
996 1695 1052 1727 16
1078 1680 1283 1740 utatur,
1317 1677 1436 1728 «cui
1452 1678 1548 1742 jus
1571 1694 1674 1728 own
1701 1680 1957 1742 competat
1981 1675 2218 1727 utendi.»

176 1747 619 1800 Reservationem
659 1768 872 1818 quoque
912 1750 1138 1802 dominii
1178 1768 1238 1802 ac
1276 1750 1647 1819 proprietatis,
1688 1749 1946 1802 Romanae
1971 1749 2223 1801 Ecclesiae

178 1821 529 1886 adtributam,
571 1824 690 1892 pari
727 1825 887 1877 modo
928 1843 1023 1876 nec
1062 1843 1174 1877 esse
1200 1825 1531 1894 possibilem,
1572 1843 1670 1876 nec
1695 1843 1877 1876 veram
1901 1841 2000 1876 nec
2020 1825 2220 1893 justam

176 1914 274 1948 nec
312 1895 570 1950 Romanae
609 1898 861 1950 Ecclesiae
909 1899 1279 1951 honorificam.
1359 1899 1554 1951 Postea
1591 1899 1733 1951 idem
1771 1897 2009 1951 Joannes
2047 1897 2222 1950 XXII.

177 1989 319 2023 anno
388 1976 519 2024 1325
584 1972 814 2026 Constit.
900 1973 1032 2026 Cum
1088 1975 1228 2026 inter
1284 1974 1559 2027 nonnullos
1625 1973 1756 2026 duas
1818 1972 2223 2042 propositiones

181 2045 468 2110 examinat,
511 2047 767 2115 primam:
815 2047 1002 2109 «Quod
1044 2047 1291 2100 Christus
1332 2051 1386 2100 et
1423 2047 1681 2117 Apostoli
1730 2048 1788 2100 in
1839 2046 2059 2116 speciali
2109 2064 2223 2099 non

178 2118 469 2172 habuerint
507 2122 704 2189 aliqua,
746 2140 845 2174 nec
883 2122 940 2173 in
968 2122 1303 2185 communi3»
1348 2122 1600 2175 alteram:
1645 2122 1825 2191 «quod
1864 2121 1924 2173 in
1963 2120 2064 2184 his,
2106 2137 2226 2190 quae

181 2192 455 2247 Christum
495 2199 548 2247 et
599 2195 898 2264 Apostolos
956 2196 1205 2249 habuisse
1257 2197 1528 2265 scriptura
1567 2199 1834 2261 testatur,
1888 2213 2227 2264 nequaquam

179 2268 311 2336 ipsis
346 2271 434 2337 jus
478 2270 666 2322 utendi
706 2270 1077 2339 competierit,
1131 2271 1217 2322 vel
1257 2271 1352 2323 illa
1390 2271 1657 2323 vendendi
1708 2288 1802 2324 seu
1855 2270 2094 2323 donandi
2135 2271 2225 2338 jus

178 2342 518 2396 habuerint.»
598 2343 727 2397 Illas
787 2346 892 2398 rite
944 2345 1273 2397 examinatas
1338 2363 1589 2400 erroneas
1651 2349 1708 2398 et
1766 2345 2047 2398 haereticas
2113 2361 2226 2396 6666

172 2416 451 2485 judicavit.
531 2416 888 2488 Argumenta,
933 2419 1126 2488 quibus
1166 2418 1426 2472 innititur
1453 2419 1692 2473 Joannes
1719 2418 1893 2472 XXII.
1922 2419 2038 2472 11666
2064 2421 2221 2471 sunt:

188 2491 243 2543 1ο
284 2491 409 2560 (11116
450 2492 720 2561 scriptura
758 2494 967 2557 asserit,
1012 2493 1288 2546 Christum
1327 2498 1382 2546 et
1419 2495 1697 2563 apostolos
1737 2493 1987 2546 habuisse
2025 2492 2225 2561 aliqua,

177 2583 306 2635 ergo
347 2566 520 2634 prima
559 2568 895 2636 propositio:
939 2567 1186 2620 Christus
1226 2570 1282 2620 et
1306 2568 1544 2636 apostoli
1569 2586 1668 2620 nec
1694 2568 1752 2620 in
1780 2567 2000 2637 speciali
2025 2567 2227 2619 habue-

178 2643 313 2692 runt
350 2640 547 2710 aliqua,
590 2659 688 2694 1166
728 2641 786 2693 111
827 2642 1116 2706 communi,
1159 2642 1484 2695 contradicit
1523 2661 1772 2712 expresse
1811 2642 2120 2710 scripturae,
2173 2643 2229 2693 61,

181 2715 445 2783 supponit
483 2716 811 2785 scripturam
849 2716 1027 2785 quoad
1064 2715 1324 2785 praedicta
1365 2717 1643 2770 continere
1696 2718 2022 2770 fermentum
2076 2733 2226 2767 men-

181 2788 334 2841 dacii.
414 2790 477 2842 2⁰
518 2789 765 2843 Secunda
803 2790 1129 2860 propositiO,
1187 2791 1330 2860 quod
1368 2791 1720 2861 Redemptori
1758 2795 1949 2844 nostro
2009 2790 2227 2857 eiusque

179 2863 459 2949 apostolis,
501 2883 620 2934 quae
658 2865 805 2934 ipsos
843 2865 1094 2918 habuisse
1121 2865 1393 2934 scriptura
1419 2884 1570 2918 sacra
1596 2869 1847 2929 testatur,
1889 2880 2226 2947 nequaquam

174 2939 264 3006 jus
303 2937 437 3006 ipsis
486 2939 674 2992 utendi
713 2939 1075 3024 competierit,
1116 2957 1214 2992 nec
1251 2939 1347 2991 illa
1385 2940 1665 3000 vendendi,
1707 2958 1798 2991 seu
1850 2937 2088 2990 donandi
2134 2938 2224 3005 jus

179 3011 484 3078 habuerint,
525 3017 621 3066 aut
660 3032 724 3068 ex
761 3014 895 3084 ipsis
934 3014 1039 3066 alia
1076 3013 1406 3096 acquirendi,
1447 3013 1722 3066 evidenter
1761 3011 1992 3064 includit
2020 3010 2226 3063 Christi

181 3090 238 3138 et
287 3088 661 3155 apostolorum
718 3107 875 3141 usum
933 3092 986 3142 et
1035 3091 1187 3158 gesta
1237 3087 1294 3139 in
1343 3087 1632 3156 praemissis
1683 3105 1795 3138 11011
1841 3087 2005 3155 justa.
2084 3082 2224 3136 Nam

179 3160 452 3230 scriptura
503 3162 780 3215 Christum
830 3167 884 3216 et
934 3161 1210 3231 apostolos
1249 3162 1345 3214 illa
1389 3162 1577 3214 fecisse
1629 3163 1880 3224 testatur,
1935 3177 2028 3212 seu
2077 3158 2224 3228 ipsos

180 3236 422 3303 potuisse
460 3236 633 3289 facere
672 3237 935 3306 supponit
976 3253 1240 3305 expresse,
1296 3235 1521 3304 ideoque
1575 3234 1867 3318 praedicata
1916 3232 2223 3302 propositio

180 3310 410 3362 secunda
447 3311 692 3380 ipsorum
731 3330 887 3364 usum
926 3311 1202 3364 evidenter
1229 3309 1476 3371 includit,
1518 3309 1577 3360 in
1603 3307 1894 3376 praemissis
1922 3326 2035 3360 non
2054 3309 2221 3376 justa,

181 3383 327 3453 quod
365 3384 554 3452 utique
604 3384 667 3436 de
716 3405 845 3451 usu,
900 3385 1068 3456 gestis
1126 3401 1219 3435 seu
1269 3383 1425 3435 factis
1464 3382 1844 3451 Redemptoris
1895 3381 2076 3434 nostri
2123 3380 2225 3432 Dei

181 3456 310 3508 Filii
349 3458 552 3510 sentire
589 3459 740 3511 nefas
781 3464 879 3524 est,
931 3476 1095 3513 sacrae
1134 3457 1417 3525 scripturae
1458 3456 1808 3522 contrarium,
1864 3459 1919 3509 et
1957 3454 2223 3509 doctrinae

183 3530 461 3583 catholicae
500 3531 796 3584 inimicum.
868 3501 960 3587 'Ita
998 3532 1236 3585 Joannes
1274 3528 1448 3582 XXII.

330 3603 587 3657 Nicolaus
626 3606 782 3660 docet
822 3606 1070 3660 Christus
1110 3609 1165 3657 ct
1204 3605 1479 3672 apostolos
1518 3605 1604 3656 vel
1643 3622 1865 3674 semper,
1907 3604 1992 3657 vel
2031 3602 2221 3655 saltem

181 3677 472 3748 aliquando
514 3697 724 3732 omnem
761 3681 1154 3750 proprietatem
1191 3678 1463 3732 abdicasse
1502 3678 1613 3732 sive
1651 3678 1710 3731 in
1749 3677 1985 3748 speciali,
2026 3676 2137 3729 sive
2162 3675 2223 3728 in

183 3752 474 3819 communi,
523 3753 698 3807 solum
735 3758 790 3808 et
839 3755 1136 3825 simplicem
1200 3751 1333 3806 facti
1385 3771 1543 3807 usum
1593 3753 1697 3808 sibi
1745 3752 2075 3817 retinenteS,
2129 3749 2224 3820 qui

1864 3842 1892 3884 8
