2612 4062
383 177 490 228 280

381 341 444 375 ex
471 322 765 393 Theologis
805 322 1128 387 accersendi,
1157 327 1373 393 praeter
1399 325 1526 378 illos
1561 343 1696 395 quos
1731 345 1797 379 ex
1822 327 2189 387 Universitate
2214 331 2427 386 Wirze-

382 397 637 467 burgensi
677 400 897 449 vocatos
922 398 1284 451 memorabas:
1325 398 1487 468 idque
1511 417 1699 469 reapse
1738 401 1796 454 in
1825 402 1997 456 altero
2038 422 2102 457 ex
2130 406 2427 476 propositis

379 491 410 524 a
467 470 542 524 Te
598 470 761 534 viriS,
829 470 885 522 in
946 469 1184 524 Doctore
1253 490 1446 542 nempe
1517 472 1832 546 Doellinger
1897 478 2246 550 contigisset,
2322 479 2428 534 nisi

382 545 599 598 Summo
628 544 885 597 Pontifici
924 545 1254 599 affirmatum
1295 551 1450 610 esset,
1492 547 1670 616 ipsum
1699 549 2017 604 invitationi
2054 554 2120 606 ad
2147 558 2428 624 praestan-

381 620 502 672 dam
539 619 628 671 hic
668 619 1002 688 conjunctim
1043 638 1162 672 cum
1201 621 1322 674 aliis
1363 640 1581 691 operam
1621 641 1771 676 suam
1807 626 2026 679 minime
2064 647 2425 682 assensurum.

379 694 523 746 Hinc
561 693 726 756 vides,
766 692 1206 748 Eminentissime
1234 695 1481 759 Domine,
1523 698 1968 766 quemadmodum
2008 721 2167 771 super
2220 702 2430 756 littera-

379 787 499 820 rum
563 767 801 819 Tuarum
876 774 1200 838 argumento
1266 769 1586 839 Apostolica
1651 770 1810 826 Sedes
1882 775 2158 845 expositas
2229 776 2428 829 ibidem

381 842 840 894 considerationes
879 861 979 911 pro
1019 844 1233 897 ratione
1273 845 1702 913 opportunitatis
1742 849 2047 903 anteiverit.

530 915 781 969 Ceterum
829 916 1206 970 humanissimi
1260 937 1387 989 erga
1439 938 1522 971 me
1562 921 1728 973 officii
1768 927 1978 991 partem
2016 925 2081 978 ab
2122 924 2431 978 Eminentia

381 991 495 1042 Tua
546 990 603 1042 in
652 990 882 1059 epistola
931 992 1228 1046 adhibitam
1278 994 1448 1047 multa
1489 995 1791 1065 gratiarum
1830 998 2042 1051 actione
2079 999 2429 1068 respondenS,

380 1065 598 1117 maximi
659 1065 902 1136 obsequii
955 1067 1059 1119 mei
1110 1086 1296 1120 sensus
1351 1068 1473 1121 Tibi
1522 1072 1724 1135 testor,
1779 1075 1832 1126 et
1887 1091 2079 1126 manus
2130 1073 2430 1127 humillime

380 1140 660 1193 deosculor

1102 1214 1377 1261 Eminentiae
1409 1215 1525 1260 Tuae
1987 1228 1991 1232 ’

499 1272 674 1330 Romae,
711 1276 778 1317 15.
811 1273 919 1318 Julii
954 1276 1079 1319 1868.
1794 1277 1963 1323 humill.
1999 1279 2159 1324 addict.
2192 1295 2224 1326 s,
2257 1295 2297 1325 v.

1733 1353 1783 1407 J.
1827 1354 1987 1408 GARD.
2031 1355 2355 1410 ANTONELLI.

610 1637 678 1707 O.
735 1637 1067 1707 Desideria
1121 1638 1422 1708 Patribus
1481 1638 1745 1708 Concilii
1803 1641 2213 1712 Oecumenici

1187 1759 1632 1849 proponenda.

531 1916 851 1986 Temporum
895 1917 1165 1987 adjunctis
1207 1921 1261 1970 et
1294 1917 1708 1971 necessitatibus
1735 1919 1972 1971 fidelium
2010 1919 2069 1971 in
2108 1923 2266 1974 rebus
2308 1922 2432 1974 fidei

385 1996 438 2044 et
491 2010 701 2043 morum
754 1992 940 2044 sedulo
995 1992 1348 2045 consideratis
1403 1993 1685 2060 sequentia
1739 1994 1919 2062 capita
1958 1993 2212 2049 Patribus
2267 1996 2443 2049 futuri

388 2065 617 2118 Concilii
670 2067 994 2119 oecumenici
1058 2066 1522 2119 commemoranda
1581 2071 1634 2120 et
1686 2072 1958 2137 tamquam
2014 2074 2204 2139 optata
2244 2089 2444 2140 propo-

386 2141 560 2194 nenda
598 2141 866 2195 videntur.

1035 2277 1087 2336 I.
1142 2276 1218 2335 In
1264 2279 1437 2337 rebus
1487 2278 1803 2337 doctrinae.

538 2407 616 2460 Ea
672 2412 754 2462 est
804 2410 920 2461 aevi
971 2409 1214 2461 moderni
1253 2410 1568 2462 tristissima
1609 2409 1878 2474 conditiO,
1921 2414 1982 2463 ut
2021 2411 2144 2463 fidei
2187 2411 2440 2464 doctrina

395 2484 554 2535 unice
594 2483 846 2536 salutaris
886 2484 952 2536 ab
990 2484 1292 2536 innumeris
1331 2484 1599 2546 hostibus,
1640 2484 1902 2537 ineffabili
1939 2485 2157 2549 artium,
2199 2486 2448 2539 fraudum

395 2567 450 2610 et
500 2557 887 2610 violentiarum
938 2558 1202 2610 varietate
1254 2558 1429 2610 ubivis
1484 2562 1751 2610 terrarum
1804 2577 1915 2611 non
1970 2563 2078 2612 tam
2119 2560 2176 2611 in
2215 2560 2446 2630 singulis

393 2631 688 2696 doctrinis,
742 2651 903 2701 quam
943 2632 998 2684 in
1039 2632 1217 2683 radice
1257 2635 1310 2684 et
1351 2632 1563 2702 origine
1604 2633 1914 2700 impetatur.
1994 2632 2118 2686 Non
2159 2634 2343 2704 agitur
2384 2634 2446 2686 de

395 2706 626 2775 singulis
689 2705 921 2758 aedificii
979 2706 1254 2775 partibus,
1329 2705 1421 2758 sed
1479 2706 1544 2758 de
1599 2706 1732 2775 ipsis
1791 2707 2157 2760 fundamentis
2217 2708 2447 2760 aedificii

396 2780 767 2834 destruendis:
821 2798 932 2833 non
983 2779 1180 2850 aliquis
1236 2780 1550 2851 dogmatum
1602 2798 1884 2842 numeruS,
1945 2781 2035 2833 sed
2086 2782 2261 2834 omnis
2313 2782 2446 2835 ordo

396 2855 858 2924 supernaturalis,
919 2855 1092 2907 omnis
1141 2855 1366 2924 religio,
1422 2855 1594 2924 ipsius
1644 2853 1745 2907 Dei
1799 2854 2087 2907 existentia
2135 2859 2188 2909 et
2239 2856 2447 2909 animae

397 2929 704 2982 substantia
756 2929 1247 2999 immortalitasque
1300 2947 1397 2999 per
1456 2929 1565 2982 late
1610 2932 1944 2999 grassantem
2004 2930 2447 2983 materialismum

400 3008 454 3056 et
492 3005 1005 3057 indifferentismum
1045 3007 1276 3074 negatur
1317 3004 1402 3055 vel
1443 3003 1603 3056 etiam
1644 3003 2026 3056 contemuitur.

549 3078 749 3141 Quodsi
808 3078 992 3148 itaque
1057 3077 1339 3147 potissima
1401 3096 1527 3130 cura
1585 3076 1837 3130 ecclesiae
1901 3077 1959 3129 in
2017 3095 2078 3130 eo
2143 3079 2320 3147 posita
2378 3079 2451 3132 sit

402 3156 649 3220 oportet,
717 3157 780 3206 ut
841 3153 972 3205 fides
1028 3152 1400 3216 confirmetur,
1456 3156 1537 3216 et,
1588 3151 1680 3204 ubi
1711 3152 1882 3220 jacet,
1935 3151 2205 3222 erigatur:
2259 3153 2448 3222 procul

403 3225 563 3278 dubio
617 3231 744 3295 apta
795 3227 934 3280 malo
987 3226 1234 3297 eligenda
1285 3229 1367 3279 est
1406 3225 1686 3279 medicina.
1765 3224 1971 3278 Revera
2024 3226 2251 3279 concilia
2291 3245 2448 3279 oecu-

404 3300 608 3351 menica
645 3300 1017 3370 grassantibus
1059 3300 1334 3353 erroribus
1374 3319 1583 3370 semper
1632 3299 1958 3368 respectivas
2010 3299 2284 3354 doctrinas
2325 3300 2450 3353 fidei

407 3379 807 3442 opposuerunt:
886 3379 937 3428 et
1010 3377 1134 3444 jure
1197 3374 1682 3444 reprehenderetur
1746 3373 1875 3426 belli
1941 3374 2078 3439 dux,
2155 3374 2247 3443 qui
2323 3374 2448 3428 dum

406 3447 769 3500 meditullium
822 3450 957 3501 arcis
1013 3453 1391 3519 oppugnatur,
1440 3447 1552 3502 11011
1603 3447 1777 3510 istud,
1838 3448 1927 3500 sed
1979 3448 2216 3500 minores
2263 3448 2449 3502 domos

409 3521 739 3585 defenderet,
792 3523 875 3574 vel
916 3523 1009 3591 qui
1048 3523 1296 3594 neglecto
1337 3521 1623 3592 principali
1662 3521 1899 3574 hostium
1945 3522 2216 3586 exercitu,
2263 3521 2449 3592 potius

407 3596 637 3652 leviores
675 3598 878 3651 turmas
919 3597 1002 3651 vel
1041 3597 1232 3652 dubios
1271 3597 1471 3652 amicos
1511 3597 1900 3668 insequeretur.
1979 3594 2231 3651 Officium
2267 3596 2448 3668 itaque
