2722 4146
2130 270 2256 342 >⁵109

205 425 650 503 tempestatibus,
691 448 812 502 quae
849 431 929 485 rei
969 426 1279 487 christianae
1317 427 1583 486 excidium
1618 430 1983 500 minabantur,
2022 452 2135 488 non
2175 438 2257 490 est

218 508 377 572 rati0,
419 526 513 560 cur
554 507 866 570 timeamuS,
919 525 1032 559 non
1091 507 1444 560 suffecturum
1493 508 1552 560 in
1606 512 1900 578 posterum.
1978 507 2092 562 Nec
2137 510 2256 579 quis

218 582 377 646 dicat,
418 600 531 633 non
555 581 659 634 hoc
677 580 932 633 Ecclesiae
958 580 1224 634 universae
1251 582 1622 652 magisterium
1646 582 1741 634 illa
1767 582 1947 635 omnia
1973 587 2257 653 operatum

217 674 344 720 esse,
385 656 476 707 sed
515 655 854 724 personalem
893 654 1044 706 illam
1084 658 1138 707 et
1175 655 1622 724 independentem
1664 657 1825 710 unius
1863 657 2019 710 Rom.
2060 657 2256 711 Ponti-

218 730 331 782 ficis
370 729 713 781 infallibilem
752 729 1150 793 auctoritatem,
1193 747 1328 798 quae,
1370 729 1496 783 licet
1531 749 1642 783 non
1682 731 1953 800 explicite,
1994 731 2256 800 implicite

216 808 397 857 tamen
435 803 541 855 fuit
581 821 788 871 semper
829 802 1048 855 credita.
1122 802 1555 871 Respondemus:
1598 805 1862 857 creditum
1901 823 2108 874 semper
2149 806 2256 859 fuit

216 878 371 930 Rom.
413 876 735 930 Pontificem
773 877 970 929 habere
1007 876 1306 930 Primatum
1357 881 1410 931 et
1462 896 1582 930 cum
1620 878 1858 931 Ecclesia
1897 897 2008 931 esse
2046 879 2256 932 infalli-

216 953 322 1005 bile
359 951 762 1021 magisterium:
805 951 894 1003 sed
932 951 1230 1019 personalis
1271 951 1365 1003 illa
1404 955 1460 1004 et
1497 952 1859 1020 independens
1892 952 2254 1006 infallibilitas

216 1027 323 1079 fuit
360 1025 615 1078 Ecclesiae
656 1024 862 1078 Christi
913 1029 967 1078 et
1021 1025 1197 1094 quoad
1236 1043 1434 1078 nomen
1487 1029 1543 1078 et
1591 1027 1766 1095 quoad
1820 1045 1931 1078 rem
1970 1027 2256 1097 incognita

216 1103 270 1153 et
309 1103 526 1153 tantum
565 1118 595 1151 a
634 1100 739 1168 piis
781 1099 1100 1167 quibusdam
1140 1099 1272 1152 viris
1313 1099 1622 1169 excogitata
1659 1100 1804 1152 hisce
1863 1100 2066 1153 ultimis
2118 1105 2255 1154 tem—

215 1174 454 1243 poribus,
534 1173 649 1242 Ipsi
688 1172 1038 1226 zelantissimi
1088 1173 1249 1242 hujus
1288 1173 1664 1243 praerogativae
1712 1178 2150 1244 propugnatores
2201 1179 2255 1228 et

215 1248 490 1300 hodiernae
533 1247 673 1300 circa
709 1248 849 1300 hanc
889 1248 1213 1300 sententiam
1250 1247 1308 1299 in
1346 1251 1466 1300 tota
1492 1247 1732 1300 Ecclesia
1770 1252 1970 1301 exortae
1997 1249 2254 1318 quaestio-

216 1341 311 1375 nes
349 1325 642 1386 testantur,
684 1340 798 1375 rem
836 1322 1078 1374 nondum
1118 1339 1228 1374 esse
1269 1340 1334 1374 ex
1375 1322 1523 1373 omni
1560 1326 1714 1390 parte
1755 1326 1971 1387 certam,
2014 1323 2254 1375 nondum

167 1435 169 1437 -
217 1415 331 1449 esse
370 1415 483 1449 rem
522 1396 799 1449 definitam
841 1396 1234 1449 demonstrant.
1313 1395 1385 1448 Et
1423 1395 1540 1448 ideo
1581 1415 1693 1448 non
1719 1396 1901 1465 potuit
1928 1415 2040 1449 esse
2067 1398 2255 1467 regula

215 1471 338 1522 fidei
376 1489 435 1522 ea
474 1471 705 1535 ratione,
746 1470 872 1540 quia
897 1470 1211 1534 auctoritaS,
1253 1470 1312 1522 in
1339 1473 1602 1538 quantum
1630 1473 1711 1522 est
1737 1470 1914 1534 dubia,
1954 1489 2066 1522 non
2093 1471 2255 1524 habet

209 1547 298 1614 jus
346 1544 669 1613 imperandi,
724 1549 777 1598 et
817 1545 937 1597 viva
977 1545 1166 1614 regula
1204 1544 1328 1596 fidei
1367 1543 1524 1597 debet
1562 1562 1674 1596 esse
1714 1544 2028 1597 certissima.
2106 1545 2253 1615 Ergo

215 1623 324 1672 stat
375 1618 709 1688 propositiO,
762 1619 1082 1671 universalis
1127 1618 1375 1671 Ecclesiae
1413 1617 1814 1688 magisterium,
1868 1622 1920 1671 et
1970 1637 2081 1670 non
2130 1637 2254 1687 per-

216 1694 454 1746 sonalem
480 1694 630 1745 illam
658 1697 711 1746 et
737 1693 1185 1762 independentem
1205 1692 1488 1745 Pontificis
1513 1690 1856 1744 infallibilem
1876 1693 2255 1745 auctoritatem

217 1786 559 1821 conservasse
599 1767 907 1837 depositum
946 1767 1087 1835 fidei,
1129 1767 1403 1819 edocuisse
1444 1785 1627 1818 omnes
1667 1766 1850 1818 fideles
1891 1769 1944 1818 et
1983 1767 2049 1818 ad
2077 1767 2255 1818 onmia

216 1841 502 1895 suffecisse.
592 1842 740 1912 Ergo
799 1846 883 1895 est
938 1842 1190 1894 affectata
1252 1845 1306 1894 et
1358 1841 1664 1910 excogitata
1722 1841 1817 1891 illa
1879 1858 1997 1909 quae
2055 1840 2254 1893 dicitur

215 1917 503 1969 necessitas
542 1916 690 1968 illius
730 1916 1029 1985 personalis
1070 1919 1123 1968 et
1162 1915 1575 1983 independentis
1603 1915 1762 1966 unius
1790 1915 1944 1967 Rom.
1969 1914 2253 1967 Pontificis

213 1991 594 2053 infallibilitas,
647 2009 764 2059 quae
804 2009 866 2042 ex
907 1990 1186 2058 splendido
1227 1990 1372 2042 facto
1411 1989 1555 2042 XIX.
1599 1989 1916 2041 saeculorum
1966 1990 2251 2041 refutatur.

365 2066 426 2117 3⁰
463 2065 540 2118 Ut
579 2065 734 2117 Rom.
777 2064 1035 2117 Pontifici
1075 2064 1379 2117 vindicetur
1419 2064 1531 2115 haec
1579 2063 1809 2115 secunda
1861 2062 2160 2130 personalis
2202 2066 2256 2114 et

214 2139 579 2208 independens
619 2139 1000 2202 infallibilitaS,
1054 2138 1413 2190 necessarium
1453 2141 1591 2190 esset
1630 2137 1934 2200 adstruere,
1990 2135 2251 2204 Spiritum

215 2218 460 2266 sanctum
510 2213 944 2266 extraordinario
1004 2217 1057 2265 et
1107 2212 1431 2264 miraculoso
1484 2212 1642 2264 modo
1685 2211 1847 2264 toties
1898 2210 2003 2278 ipsi
2055 2211 2251 2273 adesse,

214 2288 426 2356 quoties
484 2286 735 2340 Pontifex
790 2291 949 2339 utens
1007 2287 1106 2338 hac
1147 2286 1376 2338 secunda
1433 2285 1710 2354 personali
1763 2288 1816 2336 et
1868 2283 2251 2352 independenti

212 2362 540 2414 auctoritate
578 2362 697 2414 vult
736 2360 942 2429 aliquid
981 2360 1217 2414 definire.
1294 2359 1468 2427 Atqui
1507 2363 1697 2411 contra
1737 2376 1948 2411 onmem
1986 2358 2254 2412 rationem

214 2440 312 2499 est,
355 2436 585 2496 credere,
627 2434 892 2503 Spiritum
933 2438 1181 2487 sanctum
1219 2435 1356 2485 velle
1397 2433 1501 2502 ipsi
1540 2452 1636 2501 per
1663 2433 2045 2484 miraculosum
2084 2433 2253 2484 inter-

215 2514 434 2562 ventum
473 2510 651 2561 lumen
693 2509 1009 2572 infundere,
1070 2527 1189 2560 cum
1231 2507 1344 2576 ipse
1383 2507 1640 2559 Pontifex
1696 2507 1870 2575 possit
1923 2507 2026 2558 hoc
2073 2506 2253 2557 lumen

213 2584 454 2652 accipere
495 2603 558 2635 ex
586 2583 840 2646 Ecclesia,
883 2582 1170 2635 consulens
1198 2581 1510 2645 Ecclesiam,
1554 2585 1728 2644 utenS,
1786 2585 1847 2632 ut
1885 2580 1962 2632 ait
2004 2598 2043 2632 s,
2073 2578 2251 2632 Anto—

213 2658 402 2722 ninus,
462 2657 733 2727 adjutorio
775 2657 1046 2709 Ecclesiae.
1125 2655 1273 2726 Ergo
1330 2659 1520 2708 contra
1574 2673 1785 2707 omnem
1831 2654 2100 2706 rationem
2151 2658 2248 2716 est,

213 2751 446 2784 asserere
485 2732 639 2784 Rom.
682 2730 938 2784 Pontifici
987 2731 1125 2782 hanc
1173 2730 1459 2782 secundam
1504 2729 1839 2798 personalem
1891 2731 1945 2781 et
1996 2728 2253 2795 indepen-

213 2807 427 2859 dentem
465 2806 927 2859 infallibilitatem.

364 2882 425 2933 4⁰
464 2880 589 2949 Ipsa
626 2879 952 2932 oecumenica
993 2877 1250 2947 synodus,
1291 2881 1582 2945 antequam
1619 2875 1872 2939 definiat,
1922 2874 2074 2926 debet
2113 2891 2251 2942 pra:-

214 2954 432 3008 mittere
460 2954 777 3007 canonicum
804 2972 1041 3016 examen,
1083 2970 1188 3020 quo
1217 2951 1528 3020 investiget,
1571 2968 1816 3018 quaenam
1856 2949 1928 3000 sit
1955 2947 2253 3015 apostolica

215 3029 456 3092 traditiO,
478 3029 703 3081 Patrum
728 3032 782 3081 et
802 3025 1215 3097 praecedentium
1246 3025 1595 3078 conciliorum
1616 3023 1879 3086 doctrina,
1909 3021 2253 3073 ecclesiarum

215 3103 525 3171 praedicatio
565 3107 621 3156 et
658 3103 805 3154 fides.
883 3101 1030 3170 Ergo
1072 3103 1126 3152 et
1165 3099 1318 3151 Rom.
1348 3098 1602 3150 Pontifex
1641 3096 1852 3148 debebit
1890 3095 1993 3147 hoe
2033 3113 2250 3147 examen

215 3178 564 3244 praemittere,
592 3180 882 3245 antequam
907 3174 1144 3227 definiat.
1210 3172 1384 3242 Atqui
1412 3171 1667 3223 Pontifex
1693 3188 1805 3222 non
1830 3172 2012 3238 potest
2040 3168 2253 3221 credere

215 3251 275 3302 in
314 3250 645 3303 conscientia
697 3269 751 3303 se
799 3250 927 3302 huic
963 3252 1076 3301 tam
1127 3247 1282 3317 gravi
1335 3245 1514 3298 officio
1567 3243 1918 3307 satisfecisse,
1975 3242 2084 3295 nisi
2130 3242 2252 3294 uni-

217 3325 474 3376 versalem
512 3324 809 3376 Ecclesiam
849 3322 1184 3376 consuluerit
1235 3323 1454 3389 ejusque
1505 3317 1837 3386 adjutorium
1889 3316 2248 3386 requisiverit.

217 3395 364 3467 Ergo
404 3397 719 3450 exercitium
744 3395 1045 3466 personalis
1085 3394 1232 3446 illius
1271 3397 1325 3445 et
1351 3412 1381 3443 a
1418 3394 1538 3444 tota
1566 3391 1803 3444 Ecclesia
1842 3390 2250 3459 independentis

217 3471 377 3523 unius
416 3471 571 3526 Rom.
613 3470 897 3524 Pontificis
938 3468 1244 3521 infallibilis
1284 3465 1631 3518 auctoritatis
1671 3469 1754 3518 est
1792 3464 2138 3533 impossibile.

364 3545 513 3614 Ergo
563 3563 674 3596 non
726 3549 897 3597 restat
947 3542 1054 3595 nisi
1105 3543 1347 3604 tertimn,
1402 3543 1465 3591 ut
1502 3557 1609 3591 una
1650 3540 1722 3592 sit
1759 3538 1998 3591 Ecclesia
2036 3538 2248 3601 docens,

217 3637 384 3671 uuum
411 3618 702 3670 infallibile
730 3617 1120 3688 magisterium,
1162 3633 1269 3667 una
1294 3612 1659 3666 infallibilitas
1686 3613 1950 3665 universae
1978 3610 2246 3673 Ecclesiae,

219 3693 482 3746 universae
521 3692 775 3746 Ecclesiae
814 3690 1162 3761 suffragium3
1214 3691 1270 3740 et
1307 3687 1462 3740 Rom.
1503 3686 1760 3742 Pontifex
1809 3686 1867 3738 in
1917 3688 2132 3738 tantum
2177 3683 2250 3740 sit
