2722 4146
2167 268 2267 324 105

231 435 379 481 care,
437 415 547 469 imo
598 414 862 485 imperare
919 414 1185 480 voluerit,
1261 416 1385 485 quis
1431 416 1535 470 hoc
1594 433 1831 486 unquam
1883 416 2038 484 aequo
2088 416 2270 470 animo

231 491 495 546 sustinere
534 492 732 559 queat?
793 488 947 551 Quod
999 490 1044 541 si
1101 490 1176 542 810
1213 509 1426 543 necesse
1473 494 1613 544 68861
1651 495 1706 544 et
1743 491 1823 543 ita
1868 508 2034 560 grave
2077 493 2270 562 jugum

231 565 526 619 cervicibus
565 563 770 616 nostris
810 564 1134 631 portandum
1175 565 1499 630 immineret,
1538 565 1679 617 nihil
1704 564 1851 617 aliud
1876 568 2124 629 restaret,
2162 565 2271 617 nisi

232 639 376 709 quod
414 639 530 691 sola
567 637 721 690 Rom.
775 637 994 690 ecclesia
1043 638 1295 691 libertate
1333 658 1437 708 qua
1489 640 1654 693 vellet
1702 640 1998 703 frueretur,
2059 642 2116 692 et
2151 639 2271 692 aliis

232 713 444 783 quidem
484 711 730 764 omnibus
757 711 872 780 ipsa
910 712 1055 781 leges
1095 713 1364 777 conderet,
1405 714 1521 782 ipsa
1561 733 1688 767 vero
1715 713 1830 766 sine
1868 714 1986 783 lege
2019 716 2175 778 esset,
2217 717 2272 766 et

226 791 338 858 jam
377 805 488 839 non
526 786 615 854 pia
654 789 827 837 mater
867 786 1131 850 filiorum,
1186 787 1276 839 sed
1315 788 1448 839 (1016
1483 784 1540 841 ‘et
1580 787 1867 856 imperiosa
1905 788 2121 840 domina
2159 805 2272 840 ser-

232 880 424 915 vorum
449 860 723 913 videretur
751 863 804 912 et
831 863 985 912 esset.
1046 860 1180 922 Quid
1211 861 1380 931 igitur
1408 862 1565 915 nobis
1591 863 1982 931 scripturarum
2020 862 2270 915 scientia!

233 936 362 1005 quid
401 934 559 987 nobis
598 934 906 987 litterarum
946 935 1155 987 studia!
1213 936 1342 1004 quid
1379 937 1766 1006 magistrorum
1807 936 2122 989 doctrinalis
2162 936 2272 988 dis-

234 1010 461 1079 ciplina!
521 1009 650 1077 quid
707 1008 1012 1077 sapientum
1063 1027 1362 1078 graecorum
1422 1010 1759 1062 nobilissima
1822 1010 2083 1080 ingenia?
2147 1009 2272 1062 Sola

232 1085 387 1137 Rom.
429 1082 712 1135 Pontificis
752 1083 1065 1145 6001011168,
1108 1101 1242 1151 quae,
1285 1084 1426 1136 810111
1464 1088 1524 1136 10
1561 1084 1708 1148 (11018,
1751 1103 1910 1153 80961
1951 1102 2132 1137 010068
2173 1087 2272 1148 681,

236 1158 485 1211 universa
523 1157 637 1209 haec
675 1160 916 1209 evacuat,
995 1156 1152 1209 Solus
1193 1157 1306 1225 ipse
1346 1158 1417 1210 sit
1456 1158 1770 1226 Episcopus,
1811 1159 1958 1210 solus
1996 1158 2272 1227 magister,

233 1226 389 1286 solus'
420 1235 738 1300 praeceptor.
803 1231 869 1283 In
901 1231 1051 1283 nullo
1079 1231 1325 1299 symbolo
1351 1232 1455 1285 hoc
1480 1234 1766 1301 reperitur,
1808 1233 1951 1301 quod
1976 1232 2274 1285 Romanam

236 1306 516 1359 ecclesiam
555 1306 804 1358 confiteri
843 1305 1147 1373 specialiter
1181 1307 1496 1374 jubeamur;
1551 1307 1793 1375 quinimo
1835 1326 1996 1359 unam
2034 1309 2273 1359 sanctam

236 1380 556 1434 catholicam
596 1383 649 1432 et
688 1380 1045 1448 apostolicam
1102 1379 1396 1432 Ecclesiam
1450 1380 1698 1433 confiteri
1756 1381 1954 1449 ubique
2007 1381 2273 1434 docemur.

236 1455 326 1508 An
366 1455 579 1507 videtur
628 1454 726 1507 tibi
781 1454 882 1506 soli
934 1453 1133 1518 Petro,
1193 1458 1250 1507 et
1299 1473 1409 1507 non
1461 1455 1645 1524 potius
1703 1455 1953 1507 omnibus
1991 1453 2275 1523 Apostolis

237 1531 440 1582 dictum
479 1548 509 1581 a
547 1528 810 1581 Domino:
871 1529 1105 1594 Quorum
1155 1530 1470 1582 remiseritis
1504 1535 1720 1595 peccata
1762 1570 1773 1581 .
1805 1572 1815 1582 .
1848 1573 1858 1583 .
1900 1529 2057 1582 item:
2105 1529 2274 1595 Quae-

237 1622 449 1671 cumque
488 1604 810 1670 levaveritis:
850 1620 1202 1670 quaecumque
1239 1604 1542 1656 solveritis?

387 1677 640 1740 Quinimo
681 1696 792 1729 non
846 1677 949 1729 soli
989 1676 1182 1742 Petro,
1242 1678 1332 1730 sed
1383 1678 1631 1730 omnibus
1672 1695 1790 1729 cum
1829 1677 1994 1729 Petro
2045 1680 2098 1729 61
2155 1695 2275 1728 cum

239 1753 488 1805 omnibus
537 1752 700 1804 Petro
760 1752 1131 1803 indifferenter
1197 1752 1398 1804 dictum
1454 1771 1485 1803 a
1542 1752 1773 1803 Domino
1834 1751 2087 1803 creditur.
2165 1749 2278 1802 Nec

238 1845 399 1896 super
447 1827 623 1879 8010111
662 1825 882 1878 Petrum
933 1826 1208 1879 descendit
1249 1825 1483 1894 Spiritus
1537 1829 1754 1878 sanctus
1794 1825 1853 1877 in
1892 1825 2210 1878 Pentecoste
2247 1845 2278 1876 a

238 1901 473 1954 Domino
513 1901 738 1964 missuS,
793 1900 885 1969 qui
938 1900 1188 1952 omnibus
1244 1900 1522 1968 aequaliter
1563 1899 1845 1968 Apostolis
1886 1903 2046 1952 antea
2098 1899 2277 1952 fuerat

237 1976 564 2045 promissus,
617 1976 709 2028 sed
750 1993 932 2027 01111168
972 1975 1129 2026 simul
1170 1975 1539 2034 inflammavit,
1602 1979 1656 2027 et
1705 1992 1818 2026 11011
1868 1973 2065 2042 1019611
2116 1973 2275 2037 (1000,

238 2069 337 2103 1160
375 2049 715 2118 impariliter,
758 2050 847 2101 sed
887 2050 1004 2117 pari
1043 2049 1185 2101 dono
1227 2067 1408 2101 omnes
1449 2049 1653 2117 pariter
1701 2047 1942 2101 donavit.
2022 2046 2109 2099 810
2147 2065 2275 2117 ergo

237 2143 684 2194 recognoscamus
736 2123 901 2176 Petro
954 2126 1226 2191 acceptam
1275 2142 1305 2174 a
1358 2123 1593 2175 Domino
1646 2125 2002 2191 potestatem,
2054 2124 2117 2174 ut
2165 2140 2277 2183 non

237 2203 487 2267 putemus
544 2198 963 2250 imminuendam
1023 2201 1338 2250 caeterorum
1389 2196 1782 2266 Apostolorum
1839 2196 2272 2249 auctoritatem.»

240 2273 329 2326 Ita
368 2273 672 2342 Episcopus
712 2271 982 2324 Nechites.

387 2347 628 2399 Tandem
673 2347 756 2398 vel
803 2346 1144 2410 admittitur,
1208 2347 1261 2398 1⁰
1301 2364 1464 2397 unam
1515 2363 1628 2397 esse
1684 2344 1739 2395 in
1780 2344 2020 2397 Ecclesia
2071 2344 2278 2399 infalli-

237 2421 523 2485 bilitatem,
566 2423 716 2489 cujus
756 2422 1056 2490 subjectum
1093 2440 1207 2473 non
1246 2421 1317 2473 sit
1357 2419 1464 2471 nisi
1503 2438 1643 2471 unus
1683 2418 1838 2470 Rom.
1882 2418 2159 2471 Pontifex:
2200 2418 2280 2471 ita

239 2500 300 2548 ut
337 2496 441 2548 hoc
478 2495 826 2565 privilegium
863 2513 975 2546 non
1015 2499 1219 2562 spectet
1259 2493 1434 2562 primo
1483 2497 1536 2546 et
1590 2511 1682 2561 per
1741 2511 1796 2544 se
1853 2492 1960 2544 nisi
2014 2492 2081 2544 ad
2122 2491 2276 2544 Rom.

237 2569 587 2622 Pontificem:
631 2574 686 2622 et
722 2573 842 2621 tota
870 2568 1110 2620 Ecclesia
1137 2569 1416 2621 intantum
1456 2567 1528 2620 sit
1553 2566 1876 2628 infallibilis,
1917 2567 1977 2618 in
2018 2569 2279 2635 quantum

237 2644 340 2696 hoc
380 2644 643 2696 charisma
681 2646 964 2696 mutuatur
1004 2662 1034 2694 a
1062 2642 1327 2695 Pontifice
1365 2660 1462 2710 per
1501 2641 1699 2693 nudam
1725 2644 1779 2693 et
1807 2659 2002 2693 ccecam
2028 2639 2280 2692 obedien-

239 2718 371 2771 tiam
410 2720 523 2786 ejus
563 2717 790 2771 decretis
832 2717 1153 2769 exhibitam:
1214 2717 1298 2769 vel
1340 2717 1400 2768 2⁰
1441 2715 1802 2768 admittantur
1849 2715 1968 2767 duae
2009 2714 2281 2766 distinctae

239 2791 688 2856 infallibilitates,
756 2810 986 2860 quarum
1050 2809 1158 2842 una
1215 2793 1422 2859 spectet
1489 2790 1556 2842 ad
1614 2789 1909 2841 Ecclesiam
1976 2788 2280 2840 universam

240 2866 623 2935 comprehenso
665 2885 761 2919 suo
804 2866 980 2934 069116
1021 2865 1176 2916 Rom.
1217 2864 1511 2927 Pontifice,
1571 2863 1677 2914 alia
1737 2866 1944 2931 spectet
1996 2861 2062 2912 ad
2114 2878 2278 2912 unum

240 2943 294 2994 et
334 2941 509 2993 801001
546 2940 703 2993 Rom.
744 2940 1092 3003 Pontificem,
1135 2939 1227 3007 qui
1268 2939 1430 2991 etiam
1469 2937 1615 2989 solus
1667 2940 1721 2989 et
1759 2940 1886 2988 ante
1925 2935 2280 3003 quodcunque

240 3014 350 3067 sive
388 3015 706 3067 antecedens
757 3015 867 3067 sive
908 3013 1275 3066 concomitans
1327 3012 1437 3064 sive
1489 3012 1814 3078 subsequens
1854 3008 2107 3061 Ecclesiae
2159 3007 2281 3059 001-

240 3088 461 3141 versalis
512 3090 831 3158 suffragium
879 3107 943 3139 ex
995 3106 1090 3140 sua
1141 3105 1390 3154 suprema
1442 3084 1766 3136 auctoritate
1818 3083 1890 3135 sit
1941 3081 2279 3143 infallibilis;

241 3163 325 3214 vel
380 3164 439 3214 3⁰
479 3163 792 3216 admittitur
850 3181 958 3214 una
1009 3160 1405 3223 infallibilitas,
1466 3159 1499 3210 i.
1554 3176 1596 3211 e.
1650 3157 1901 3209 Ecclesiae
1959 3155 2280 3208 universalis

241 3236 528 3289 infallibile
567 3238 904 3307 suffragium,
946 3235 1090 3304 quod
1130 3235 1214 3286 vel
1254 3252 1366 3286 8686
1417 3231 1651 3300 explicat
1702 3249 1798 3299 per
1839 3230 2134 3283 Ecclesiam
2172 3229 2282 3282 (118-

242 3328 470 3377 9618610,
511 3329 630 3378 quae
669 3312 905 3363 eamdem
945 3328 1063 3362 cum
1091 3307 1312 3360 ecclesia
1336 3307 1579 3358 Romana
1614 3305 1914 3358 doctrinam
1941 3304 2278 3374 promulgat:

243 3383 327 3434 vel
366 3401 477 3435 sese
516 3384 706 3451 pandit
745 3385 803 3437 in
842 3382 1087 3437 conciliis
1127 3380 1481 3443 060001601018,
1534 3379 1619 3430 vel
1658 3397 1770 3431 sese
1821 3378 2134 3431 manifestat
2185 3395 2280 3446 per

243 3455 398 3509 Rom.
426 3456 763 3521 Pontificem,
803 3459 870 3511 ad
911 3475 1067 3526 quem
1109 3474 1290 3508 omnes
1330 3452 1562 3506 ecclesiae
1602 3452 1946 3516 conveniunt,
1989 3452 2185 3520 quique
2223 3450 2281 3501 in

243 3548 300 3583 se
341 3530 586 3583 omnium
623 3532 966 3584 ecclesiarum
1004 3530 1163 3582 fidem
1201 3526 1608 3596 comprehendit
1646 3530 1701 3580 et
1739 3526 2081 3596 pronunciat.

391 3603 426 3656 J
428 3622 515 3656 am
540 3622 668 3658 vero
699 3607 938 3671 primum
975 3622 1086 3656 non
1111 3605 1295 3671 potest
1317 3601 1501 3653 asseri.
1542 3599 1682 3653 Nam
1709 3599 2069 3653 infallibilitas
2118 3598 2172 3649 1⁰
2199 3599 2281 3648 est

244 3678 553 3750 proprietas
570 3679 877 3735 ,essentialis
898 3676 1149 3734 Ecclesiae
1176 3675 1456 3731 catholicae
1483 3692 1601 3746 quae
1629 3678 1712 3731 est
1736 3675 1980 3731 columna
2019 3674 2073 3741 et
2098 3671 2280 3726 firma-
