2612 4062
426 206 535 258 284

573 350 628 406 G.
688 350 1035 404 Difficilimae
1088 348 1430 418 quaestiones
1488 367 1553 401 ex
1606 365 1858 418 perverso
1917 348 2198 400 conamine
2255 363 2468 399 omnem

423 445 538 480 rem
584 426 795 479 civilem
847 425 912 477 ab
961 423 1232 476 Ecclesiae
1272 423 1388 494 lege
1429 426 1483 476 et
1522 422 1635 476 vita
1673 440 1898 492 prorsus
1939 419 2251 490 separandi,
2305 424 2467 490 atque

425 520 487 554 ex
545 499 734 553 formis
792 517 1088 569 regnorum
1136 496 1676 551 constitutionalibus
1729 496 1998 550 oriuntur.
2091 494 2244 558 Quod
2302 513 2467 564 quum

423 575 600 628 ubivis
659 578 928 626 terrarum
985 573 1043 624 in
1084 572 1225 624 diem
1263 572 1434 642 magis
1492 571 1771 642 magisque
1810 570 2138 622 invalescere
2197 572 2465 633 cernatur,

422 649 727 719 quaeritur,
771 647 1039 716 quomodo
1080 646 1334 716 periculis
1374 646 1458 698 vel
1498 645 1704 698 damnis
1745 644 1957 698 occurri
1996 642 2189 713 possit,
2230 661 2366 712 quae
2403 661 2467 696 ex

413 724 723 791 privile-oviis
776 722 1047 774 catholicis
1093 721 1305 788 reyibus
1352 719 1668 789 praesertim
1709 719 1884 788 quoad
1933 717 2361 770 nominationem
2400 717 2467 770 ad

420 798 780 867 episcopatUS,
810 795 1159 849 canonicatus
1187 799 1240 848 et
1266 794 1371 847 alia
1398 794 1583 846 munia
1617 811 1768 846 sacra
1795 792 2079 856 concessiS,
2103 792 2172 859 'in
2201 791 2470 844 Ecclesiae

421 873 622 925 bonum
662 871 983 923 redundant.
1063 870 1185 923 Etsi
1225 869 1427 922 ablatio
1468 867 1729 936 ejusmodi
1767 866 2179 936 privilegiorum
2211 865 2467 936 gravibus

422 946 610 999 litibus
651 964 836 998 ansam
875 945 950 998 sit
988 944 1196 1007 datura,
1238 943 1399 996 multi
1439 941 1795 995 nihilominus
1836 941 1893 992 in
1935 959 1994 993 ea
2022 940 2294 993 sententia
2321 946 2465 1004 sunt,

421 1020 722 1074 Concilium
763 1019 1190 1082 oecumenicum,
1232 1037 1397 1087 quum
1436 1017 1611 1070 tutela
1649 1016 1917 1069 Ecclesiae
1957 1015 2271 1084 denegetur,
2315 1033 2468 1084 posse

419 1099 473 1148 et
514 1095 704 1147 debere
756 1095 850 1146 illa
878 1094 1199 1156 rescindere,
1243 1097 1296 1145 et
1338 1093 1396 1144 in
1418 1092 1667 1145 futurum
1706 1090 1772 1142 ad
1813 1094 2082 1142 vetustam
2111 1093 2166 1142 et
2191 1089 2468 1158 propriam

419 1170 648 1223 formam
688 1168 967 1222 electionis
1008 1168 1199 1230 redire,
1240 1166 1463 1236 adjectis
1503 1166 1693 1235 utique
1722 1163 2125 1217 conditionibus
2166 1168 2220 1216 et
2246 1163 2466 1234 regulis,

419 1262 554 1314 quae
594 1243 826 1313 tempori
870 1248 926 1296 et
963 1243 1082 1296 loco
1125 1241 1469 1295 conveniunt.

567 1318 649 1371 Ex
689 1319 861 1371 altera
900 1322 1054 1386 parte
1090 1317 1381 1384 privileyia
1416 1317 1539 1382 fori,
1584 1332 1719 1384 quae
1760 1313 1968 1366 clericis
2009 1316 2064 1365 et
2103 1312 2259 1365 bonis
2300 1312 2467 1365 eccle-

417 1393 649 1446 siasticis
688 1393 778 1462 pia
815 1392 1166 1462 antiquorum
1207 1390 1553 1443 observantia
1592 1393 1804 1442 servata
1843 1392 1988 1450 sunt,
2031 1386 2317 1439 hodiedum
2357 1387 2469 1439 fere

418 1468 593 1520 ubivis
634 1467 986 1520 conciderunt
1027 1471 1080 1519 et
1119 1470 1407 1536 negantur.
1482 1464 1656 1527 Quum
1708 1462 2038 1532 impossibile
2078 1461 2151 1514 sit
2199 1480 2258 1514 ea
2304 1480 2467 1514 manu

419 1547 615 1606 tenere,
657 1543 826 1595 satius
867 1542 1081 1594 videtur
1120 1559 1232 1594 non
1271 1539 1486 1609 quidem
1523 1539 1588 1591 iis
1630 1539 1850 1592 omnino
1891 1536 2220 1598 renuntiare,
2262 1535 2468 1589 clericis

418 1622 595 1670 tamen
650 1617 994 1686 permittere,
1052 1619 1115 1668 ut
1154 1634 1184 1667 a
1224 1614 1589 1667 vindicatione
1642 1617 1697 1665 et
1748 1632 1849 1665 usu
1903 1629 2088 1664 eorum
2140 1610 2465 1664 abstineant.

417 1690 636 1744 Nostris
692 1692 877 1744 diebus
930 1690 1169 1743 defensio
1223 1689 1468 1742 veritatis
1525 1707 1586 1740 ac
1635 1686 1918 1758 religionis
1979 1690 2092 1739 tum
2152 1685 2467 1753 praesertim

417 1766 604 1818 efficax
659 1771 713 1819 et
762 1765 1041 1818 fructuosa
1087 1768 1195 1826 est,
1255 1764 1301 1816 si
1342 1763 1642 1816 sacerdotes
1681 1781 1711 1814 a
1762 1762 1878 1832 lege
1929 1765 2231 1813 ceterorum
2270 1759 2467 1811 civium

420 1842 595 1893 minus
647 1841 934 1902 recedunt,
991 1839 1080 1892 sed
1133 1837 1504 1891 communibus
1546 1836 1784 1889 omnium
1819 1835 2034 1905 juribus
2075 1837 2335 1897 utuntur,
2390 1834 2468 1886 ita

422 1920 483 1968 ut
542 1915 623 1967 vis
681 1915 1010 1968 defensionis
1077 1913 1149 1965 sit
1207 1913 1264 1964 in
1323 1911 1551 1964 veritate
1609 1911 1859 1974 interna,
1919 1927 2027 1961 non
2085 1926 2179 1977 per
2239 1908 2467 1961 tutelam

416 1994 666 2043 externae
704 1989 1037 2042 exemtionis.
2081 2050 2087 2054 ψ

567 2064 630 2118 D.
700 2064 765 2116 In
826 2065 985 2117 terris
1040 2062 1326 2114 austriacis
1378 2061 1640 2113 laicorum
1679 2063 1779 2129 jus
1820 2066 2167 2127 patronatus,
2227 2065 2344 2114 tum
2402 2080 2466 2114 ex

416 2138 657 2207 antiquis
708 2139 915 2201 usibUS,
965 2142 1081 2191 tum
1134 2155 1197 2188 ex
1237 2137 1447 2206 legibus
1481 2137 1594 2204 jam
1634 2137 1862 2189 vetustis
1905 2135 2153 2204 Imperii,
2206 2135 2465 2188 latissime

417 2217 592 2282 patet,
649 2214 726 2266 ita
781 2218 842 2266 ut
893 2212 1214 2281 paucissima
1266 2216 1317 2263 et
1370 2211 1429 2262 in
1474 2210 1753 2263 nonnullis
1794 2211 2124 2263 dioecesibus
2165 2211 2276 2262 fere
2315 2211 2466 2263 nulla

416 2287 670 2341 beneficia
734 2288 901 2340 libere
951 2288 1015 2338 ab
1072 2286 1339 2355 Episcopo
1405 2284 1777 2340 conferuntur.
1888 2284 2174 2338 Praeterea
2231 2291 2463 2353 patrono

419 2381 603 2414 omnes
658 2362 1037 2430 competitores
1088 2360 1332 2413 vacantis
1382 2359 1655 2423 beneficii,
1706 2360 1798 2429 qui
1854 2378 1949 2428 pro
2002 2378 2129 2412 cura
2181 2359 2466 2428 approbati

418 2442 574 2499 sunt,
634 2438 699 2489 ab
747 2436 1016 2504 Episcopo
1069 2435 1253 2488 offerri
1312 2439 1366 2487 et
1416 2433 1715 2503 significari
1765 2434 1991 2497 debent,
2042 2451 2068 2485 e
2120 2434 2314 2502 quibus
2364 2452 2462 2502 pro

418 2511 597 2563 lubitu
647 2511 878 2580 aliquem
933 2511 1118 2580 eligit,
1174 2509 1255 2561 cui
1309 2508 1626 2561 beneficium
1685 2527 1872 2561 revera
1922 2508 2307 2560 conferendum
2365 2511 2462 2561 est.

420 2585 629 2637 Exinde
669 2586 759 2647 fit,
803 2590 864 2638 ut
903 2584 1200 2647 interdum,
1242 2583 1637 2651 praetermissis
1678 2583 2034 2652 dignioribus,
2080 2582 2299 2635 ultimus
2340 2600 2464 2634 can-

421 2659 728 2712 didatorum
784 2662 1191 2727 praesentetur,
1247 2675 1400 2726 quem
1450 2663 1630 2709 tamen
1667 2656 1949 2725 repudiare
1990 2674 2099 2708 non
2138 2656 2370 2725 amplius
2407 2655 2461 2707 iu

418 2738 690 2803 potestate
748 2733 1007 2802 Episcopi
1064 2735 1161 2783 est.
1252 2730 1534 2783 Auxilium
1591 2750 1621 2783 a
1675 2731 1927 2783 Patribus
1987 2730 2216 2782 Concilii
2275 2730 2464 2782 saltem

420 2808 649 2861 mediate
687 2808 869 2860 afferri
907 2805 1130 2876 poterit,
1171 2806 1216 2858 si
1255 2806 1521 2874 placuerit
1541 2809 1795 2866 statuere,
1837 2823 1903 2856 ne
1931 2804 2190 2874 ejusmodi
2230 2809 2463 2873 patrono

419 2882 578 2935 liceat
631 2901 658 2935 e
711 2882 959 2951 pluribus
1012 2899 1171 2950 quani
1224 2879 1429 2942 tribus,
1484 2881 1575 2949 qui
1627 2898 1718 2933 seu
1769 2878 2044 2948 digniores
2085 2879 2150 2931 ab
2194 2879 2461 2948 Episcopo

420 2957 687 3026 propositi
726 2961 875 3019 sunt,
916 2955 1291 3008 beneficiatum
1331 2955 1544 3024 eligere.

571 3032 631 3084 Ε.
675 3031 738 3083 In
779 3032 940 3083 terris
966 3029 1251 3083 austriacis
1291 3029 1547 3082 beneficia
1590 3032 1775 3081 curata
1814 3028 2010 3088 omnia,
2053 3027 2213 3080 etiam
2253 3027 2297 3079 si
2336 3031 2464 3080 sunt

422 3105 546 3156 laici
596 3110 942 3173 patronatuS,
995 3123 1088 3174 per
1141 3121 1444 3156 coneursum
1494 3103 1867 3156 conferuntur.
1958 3103 2094 3164 Quia
2143 3102 2318 3154 forma
2366 3120 2462 3171 per

422 3177 736 3232 Pontificias
776 3178 1194 3233 constitutiones
1234 3179 1568 3247 praescripta
1605 3178 1662 3229 in
1700 3176 2045 3245 amplissimis
2085 3176 2168 3228 his
2205 3175 2463 3228 dioecesi-

424 3253 522 3305 bus
562 3254 764 3306 servari
803 3272 915 3306 non
956 3257 1153 3322 potest,
1195 3272 1225 3305 a
1267 3251 1358 3305 SS.
1406 3251 1635 3305 Domino
1676 3251 1949 3303 indultum
1990 3256 2097 3314 est,
2141 3255 2201 3303 ut
2241 3268 2461 3302 examen

423 3326 679 3379 scientiae
725 3347 823 3396 pro
866 3346 994 3380 cura
1034 3326 1332 3396 parochiali
1409 3326 1467 3378 in
1504 3343 1699 3394 genere
1738 3326 1912 3394 possit
1952 3325 2114 3379 certis
2153 3323 2285 3376 anni
2324 3328 2460 3377 tem-

424 3400 646 3468 poribus
704 3402 891 3454 subiri.
983 3401 1152 3464 Quum
1213 3401 1370 3471 plura
1417 3400 1473 3452 in
1526 3401 1624 3453 hac
1676 3418 1733 3451 re
1784 3400 1849 3452 ad
1902 3400 2174 3452 meliorem
2222 3399 2461 3451 fructum

423 3473 812 3537 desiderentur,
855 3476 1150 3544 optandum
1195 3475 1422 3537 videtur,
1465 3479 1526 3528 ut
1565 3475 1651 3527 lex
1690 3491 1982 3527 concursus
2023 3478 2132 3527 tam
2171 3472 2227 3524 in
2266 3489 2461 3542 genere

426 3548 734 3601 revideatur
782 3553 836 3601 et
875 3550 1210 3613 emendetur,
1265 3567 1424 3619 quam
1462 3549 1520 3601 in
1561 3547 1733 3619 specie
1772 3548 1996 3616 synodis
2035 3545 2459 3616 provincialibus

425 3623 490 3676 ad
532 3623 776 3676 locorum
815 3626 869 3675 et
910 3626 1215 3693 temporum
1260 3623 1607 3677 necessitates
1637 3622 2034 3676 accomodanda
2070 3620 2457 3675 committatur.
