2722 4146
429 329 533 382 102

426 492 541 530 0880
590 490 704 527 11011
754 470 959 543 possit3
1018 468 1110 523 sed
1158 467 1473 522 admirabile
1510 470 1636 536 hoc,
1699 475 1754 526 et
1802 477 1864 527 ut
1915 474 2173 540 dixerim,
2236 475 2478 530 divinum

425 551 838 620 argumentum,
896 546 1003 598 vim
1060 562 1215 596 suam
1265 543 1503 609 amittit,
1562 546 1606 598 si
1663 547 1720 599 in
1770 548 1933 601 unius
1986 548 2140 604 R-om.
2198 550 2477 605 Pontificis

426 622 774 686 auctoritate,
817 624 871 673 et
898 639 929 672 a
951 622 1071 672 tota
1099 617 1339 671 Ecclesia
1367 618 1763 688 independente
1790 622 2081 676 infallibile
2106 625 2478 694 magisterium

430 698 749 752 collocatur.
826 692 968 746 Nam
1007 711 1128 745 cum
1166 712 1266 746 nos
1305 693 1607 759 haereticos,
1647 695 2067 762 Rationalistas,
2119 699 2362 752 infideles
2401 700 2480 753 ita

429 772 753 843 premimus:
794 768 879 820 En
919 767 1096 820 videte
1135 767 1441 836 antiquam,
1483 773 1817 838 perpetuam,
1858 772 2217 825 universalem
2257 777 2312 826 et
2351 792 2479 827 con-

432 850 669 901 stantem
709 842 951 896 omnium
991 841 1403 911 Episcoporum,
1446 844 1689 896 omnium
1729 846 2068 898 ecclesiarum
2118 848 2176 899 in
2229 848 2479 902 doctrina

432 919 699 975 catholica
739 917 1164 971 consensionem.
1245 916 1374 978 Quis
1433 917 1619 971 docuit
1678 922 1763 972 tot
1813 924 1926 973 tam
1985 921 2220 974 diversas
2274 926 2479 986 aetateS,

432 999 518 1049 tot
558 997 671 1046 tam
709 991 948 1044 diversos
975 991 1292 1060 EpiscopOS,
1333 995 1421 1044 tot
1459 996 1572 1045 tam
1611 993 1848 1047 diversas
1889 996 2135 1048 ecclesias
2176 1015 2385 1065 semper
2425 1000 2479 1050 et

431 1068 632 1136 ubique
672 1070 726 1119 et
766 1070 1081 1119 constanter
1110 1085 1275 1118 unum
1319 1066 1520 1119 sentire
1558 1070 1613 1120 et
1648 1068 1887 1122 credere!
1930 1069 2187 1132 Quaenam
2214 1075 2295 1124 est
2323 1090 2482 1124 causa

429 1143 588 1197 istius
631 1141 970 1204 universalis,
1013 1140 1115 1193 sibi
1155 1158 1362 1209 semper
1404 1142 1706 1195 constantis
1746 1144 2186 1211 praedicationis?
2226 1145 2482 1207 Quaenam

431 1221 512 1271 est
553 1215 698 1269 ratio
740 1215 898 1268 istius
938 1214 1188 1284 perpetui
1230 1218 1284 1268 et
1335 1215 1659 1269 universalis
1701 1222 2030 1271 consensus?
2088 1218 2258 1272 Nemo
2298 1220 2483 1288 potuit

430 1295 519 1346 tot
560 1294 747 1343 aetates
778 1293 831 1342 et
858 1293 944 1342 tot
973 1289 1221 1343 ecclesias
1247 1289 1305 1342 in
1332 1308 1496 1342 unam
1523 1294 1578 1343 et
1603 1292 1824 1344 eandem
1857 1294 2184 1346 sententiam
2210 1294 2480 1358 inducere,

430 1366 537 1420 nisi
566 1364 806 1434 Spiritus
848 1367 1085 1428 sanctuS,
1127 1363 1222 1433 qui
1247 1382 1388 1416 unus
1414 1383 1624 1434 semper
1663 1366 1900 1420 existens
1927 1386 2021 1436 per
2049 1371 2137 1422 tot
2166 1368 2480 1437 EpiscopOS,

432 1459 528 1511 per
568 1443 658 1493 tot
696 1438 942 1491 ecclesias
983 1439 1198 1491 locutus
1252 1442 1358 1491 est:
1419 1440 1570 1492 nulla
1622 1444 1705 1494 est
1751 1442 1922 1506 rati0,
1981 1443 2134 1495 nulla
2192 1446 2273 1495 est
2325 1461 2484 1494 causa

432 1515 594 1568 istius
635 1513 889 1582 perpetui
928 1517 982 1566 et
1021 1513 1346 1566 universalis
1388 1532 1710 1579 consensus,
1753 1516 1860 1569 nisi
1913 1536 2019 1569 una
2057 1521 2112 1570 et
2151 1517 2331 1569 eadem
2370 1520 2483 1570 tra—

433 1589 591 1653 ditio,
633 1606 752 1657 quae
792 1607 822 1640 a
852 1587 1068 1640 Christo
1109 1606 1205 1656 per
1231 1586 1530 1656 Apostolos
1566 1589 1632 1641 ad
1661 1608 1846 1643 omnes
1874 1591 2122 1644 ecclesias
2149 1591 2481 1660 pervenerit:

438 1663 619 1716 «Nam
657 1663 797 1730 quod
845 1663 990 1729 apud
1029 1679 1202 1715 omnes
1240 1680 1404 1715 mmm
1443 1664 1736 1730 invenitur,
1790 1683 1892 1718 non
1945 1672 2022 1719 est
2071 1671 2336 1729 erratum,
2391 1666 2484 1718 sed

436 1738 763 1791 traditmn»:
801 1737 879 1789 ita
917 1755 1033 1800 nos,
1075 1737 1163 1788 sed
1205 1737 1611 1805 respondebunt
1638 1738 1895 1804 haeretici,
1938 1740 2317 1792 Rationalistae
2356 1744 2480 1793 etc.:

435 1814 540 1866 hoc
577 1814 963 1881 argumentum
1001 1811 1110 1863 vim
1150 1811 1413 1874 retinere,
1474 1812 1520 1864 si
1559 1813 1790 1866 ecclesiae
1849 1818 1903 1868 et
1943 1815 2201 1884 Episcopi
2254 1815 2485 1867 fuissent

435 1886 619 1950 liberi,
673 1890 728 1938 et
778 1903 964 1938 omnes
1004 1904 1068 1937 ex
1109 1886 1226 1954 ipsa
1265 1885 1560 1939 traditione
1603 1888 1906 1956 apostolica
1944 1889 2186 1958 persuasi
2235 1889 2295 1941 in
2346 1889 2484 1940 idem

438 1960 865 2014 consensissent:
933 1959 1024 2012 sed
1082 1979 1196 2012 rem
1252 1960 1415 2014 aliter
1474 1979 1529 2013 se
1580 1962 1804 2014 habere:
1871 1964 2055 2027 illum,
2123 1963 2217 2032 qui
2275 1967 2484 2015 exercet

437 2034 814 2105 magisterium
853 2037 907 2087 et
947 2034 1117 2087 dictat
1156 2035 1329 2104 legem
1369 2035 1648 2100 credendi,
1705 2056 1863 2106 quam
1915 2056 2096 2091 omnes
2137 2056 2274 2090 caeco
2325 2038 2484 2090 modo

438 2110 666 2163 debeant
716 2108 959 2178 accipere
1020 2112 1074 2162 et
1128 2109 1386 2178 profitere
1445 2111 1543 2163 sub
1600 2129 1760 2180 poena
1810 2112 2384 2165 excommunicationis
2436 2115 2490 2164 et

439 2188 656 2238 aeternae
695 2183 1094 2247 damnationiS,
1135 2202 1248 2236 non
1287 2201 1400 2236 esse
1438 2184 1545 2237 nisi
1584 2204 1752 2238 unum
1793 2191 1848 2240 et
1887 2188 2061 2239 solum
2100 2187 2255 2239 Rom.
2298 2186 2490 2239 Ponti-

439 2260 610 2322 ficem,
652 2261 708 2310 et
747 2257 960 2326 quidem
1000 2262 1254 2327 agentem
1293 2258 1717 2327 independenter
1757 2280 1786 2313 a
1812 2264 1933 2314 tota
1965 2261 2222 2324 Ecclesia,
2264 2261 2491 2330 ideoque

441 2336 616 2386 totam
657 2332 812 2385 illam
852 2332 1212 2384 universalem
1252 2333 1660 2386 consensionem
1699 2354 1813 2388 non
1851 2336 2048 2389 habere
2087 2338 2344 2405 majorem
2383 2335 2491 2386 vim

439 2407 505 2460 ad
557 2406 891 2476 probandam
940 2407 1254 2471 veritatem,
1315 2426 1475 2476 quam
1529 2408 1731 2463 habent
1789 2410 1950 2463 unius
2004 2415 2057 2464 et
2108 2411 2278 2463 solius
2330 2409 2486 2462 Rom.

439 2480 728 2534 Pontificis
786 2480 1119 2549 personaliS,
1182 2485 1235 2534 et
1292 2501 1322 2534 a
1375 2485 1493 2534 tota
1532 2482 1773 2537 Ecclesia
1812 2485 2176 2554 independens
2234 2487 2489 2553 potestas

440 2553 528 2608 Ad
570 2554 962 2623 explicandum,
1003 2555 1272 2623 quomodo
1311 2555 1550 2608 accidere
1588 2559 1846 2625 potuerit,
1889 2564 1950 2613 ut
1990 2578 2173 2612 omnes
2214 2558 2488 2628 Episcopi,

383 2688 386 2691 ,
443 2646 628 2682 01111108
654 2628 890 2681 ecclesiae
930 2629 988 2680 in
1023 2647 1262 2681 errorem
1295 2630 1624 2697 conspirent,
1666 2632 1798 2684 satis
1827 2651 1939 2686 esse
1965 2651 2283 2702 supponere,
2325 2649 2488 2684 unum

445 2707 500 2756 et
539 2702 715 2755 solum
753 2702 909 2755 Rom.
952 2702 1274 2755 Pontificem
1314 2721 1547 2767 errasse,
1601 2723 1726 2756 nam
1782 2708 1895 2774 ejus
1950 2707 2247 2770 sententia,
2300 2710 2492 2775 utpote

445 2777 641 2830 ultima
678 2795 956 2846 suprema,
1017 2776 1104 2829 cui
1147 2795 1329 2830 omnes
1376 2795 1567 2830 caecam
1619 2779 1974 2832 obedientiam
2033 2781 2259 2844 debent,
2316 2783 2492 2833 totam

445 2851 743 2905 Ecclesiam
782 2851 841 2904 in
881 2851 1108 2904 eundem
1149 2870 1388 2904 errorem
1427 2870 1604 2904 secum
1643 2854 1998 2922 pertraheret.

597 2925 1079 2996 RespondebiniuS‚
1139 2925 1294 2979 Rom.
1350 2926 1662 2981 Pontificem
1729 2928 1856 2981 licet
1914 2929 2089 2981 solum
2161 2930 2215 2980 et
2281 2947 2312 2980 a
2374 2931 2494 2981 tota

446 3001 693 3054 Ecclesia
762 3000 1213 3070 independentem
1281 3019 1344 3053 ex
1401 3001 1711 3055 assistentia
1770 3001 2007 3071 Spiritus
2075 3002 2252 3056 sancti
2316 3020 2494 3055 errare

447 3093 562 3128 non
598 3093 771 3144 posse.

598 3148 702 3202 Sed
753 3148 852 3203 tali
904 3149 1258 3218 responsione
1306 3150 1621 3203 conceditur
1672 3150 1920 3204 hostibus
1977 3151 2209 3216 nostriS,
2262 3153 2497 3221 primum

451 3222 594 3275 illud
651 3227 706 3277 et
762 3223 1154 3277 validissimum
1210 3228 1591 3295 argumentum
1648 3225 1714 3277 ad
1771 3225 2135 3295 probandum,
2202 3226 2495 3280 Ecclesiam

455 3314 643 3349 errare
681 3314 796 3349 non
835 3316 1026 3366 posse,
1086 3299 1121 3352 i.
1165 3318 1208 3352 e.
1250 3299 1557 3352 unanimem
1605 3304 1659 3353 et
1710 3299 2067 3352 universalem
2119 3301 2360 3354 omnium
2410 3319 2495 3354 ec-

452 3369 740 3423 clesiarum
789 3374 843 3424 et
900 3375 1123 3425 aetatum
1173 3373 1609 3438 consensionem,
1669 3378 2077 3445 argumentum,
2139 3375 2282 3444 quod
2339 3379 2495 3429 tanta

452 3443 779 3514 eloquentia,
807 3447 965 3497 tanta
990 3446 1059 3512 vi,
1100 3450 1257 3501 tanto
1284 3447 1562 3517 triumpho
1590 3449 1858 3519 urgebant
1886 3446 2088 3513 Patres,
2124 3451 2236 3518 jam
2261 3448 2495 3502 fractum

447 3520 628 3589 jacere
668 3521 723 3571 et
761 3518 969 3570 nullam
1007 3520 1115 3572 vim
1154 3523 1386 3591 amplius
1438 3522 1689 3576 retinere.
1767 3520 2030 3576 Remanet
2081 3527 2297 3576 tantum
2348 3523 2494 3576 aliud

453 3595 838 3663 argumentum
899 3592 1244 3663 desumptum
1300 3615 1363 3649 ex
1421 3597 1733 3650 assistentia
1789 3599 1844 3650 et
1902 3597 2117 3665 quidem
2173 3597 2495 3651 miraculosa

455 3666 698 3736 Spiritus
723 3666 928 3722 sancti:
969 3667 1060 3720 sed
1099 3671 1154 3721 et
1181 3674 1372 3724 contra
1396 3671 1501 3724 hoc
1524 3673 1904 3742 argumentum
1943 3670 2230 3740 insurgent
2255 3670 2496 3724 haeretici

454 3744 511 3796 et
547 3739 942 3808 Rationalistae‚
982 3744 1037 3798 et
1076 3742 1284 3798 dicent:
1344 3745 1393 3799 si
1428 3745 1575 3800 Deus
1616 3744 1872 3800 voluisset
1920 3744 2206 3800 concedere
2243 3743 2495 3800 Ecclesiae
