2722 4146
2171 341 2239 398 89

204 488 524 546 Pontificem
561 488 757 544 habere
795 489 1085 560 primatum
1124 491 1348 547 honoris
1389 495 1442 548 et
1476 490 1871 564 jurisdictionis
1906 490 1965 546 in
1993 493 2244 548 universa

203 566 460 622 Ecclesia.
1537 581 1548 593 ·

354 641 415 692 2⁰
454 639 637 692 Fidem
691 639 954 693 universae
993 642 1244 695 Ecclesiae
1291 661 1352 695 eo
1404 645 1647 710 tempore
1700 640 1882 705 fuisse,
1933 660 2046 696 non
2083 644 2242 697 modo

204 716 358 768 Rom.
401 714 719 767 Pontificem
755 715 996 783 *accipere
1051 716 1351 769 immediate
1400 735 1431 768 a
1472 715 1687 768 Christo
1740 734 1891 767 suam
1940 735 2244 787 supremam

205 792 544 859 potestatem,
586 787 676 840 sed
717 791 770 840 et
808 789 1107 859 Episcopos
1148 791 1403 843 canonice
1443 791 1658 853 electOS,
1701 789 1981 844 ordinatos
2022 795 2076 845 et
2116 811 2244 844 con-

203 863 428 916 stitutos
478 862 715 930 accipere
766 862 1070 917 immediate
1124 883 1267 917 suam
1323 864 1702 916 auctoritatem
1741 882 1770 915 a
1812 863 2057 928 Christ03
2110 885 2244 936 quo-

203 938 362 991 modo
413 936 566 990 Rom.
622 935 881 989 Pontifex
933 939 1170 991 succedit
1208 938 1370 991 Petro
1411 939 1470 990 in
1508 938 1763 1006 primatu,
1818 938 1896 991 ita
1942 940 2243 1008 Episcopos

203 1011 482 1065 succedere
521 1010 719 1063 vicaria
761 1011 1105 1065 ordinatione
1144 1011 1443 1081 Apostolis,
1484 1011 1632 1063 illius
1673 1013 1962 1080 potestatis
1991 1015 2242 1077 haeredeS,

203 1105 363 1156 quam
401 1085 597 1137 eisdem
635 1083 919 1154 Apostolis
959 1091 1014 1139 et
1054 1087 1111 1138 in
1163 1105 1395 1155 persona
1442 1084 1835 1154 Apostolorum
1889 1105 2074 1140 eorum
2125 1107 2245 1140 suc-

206 1160 506 1213 cessoribus
559 1159 843 1228 Episcopis
895 1160 960 1212 ad
1010 1161 1300 1231 regendam
1338 1160 1628 1212 Ecclesiam
1681 1159 1781 1211 Dei
1827 1160 2075 1215 Christus
2117 1181 2245 1214 con-

202 1234 418 1287 tulerat.
497 1233 624 1285 Haec
663 1234 767 1285 duo
808 1238 987 1287 autem
1028 1236 1193 1287 amice
1234 1234 1595 1287 conciliabant
1641 1233 1789 1286 illius
1830 1235 2010 1288 saeculi
2036 1235 2243 1299 PatreS,

203 1312 265 1361 ut
306 1307 468 1360 sicuti
507 1307 763 1376 Apostoli
802 1313 1121 1377 acceperant
1159 1308 1464 1360 immediate
1504 1307 1886 1360 auctoritatem
1939 1329 1969 1361 a
2010 1309 2243 1372 ChristO,

204 1387 257 1435 et
297 1386 477 1435 tamen
515 1381 679 1434 Petro
736 1386 797 1435 ut
850 1383 1016 1451 capiti
1074 1388 1229 1436 erant
1269 1382 1514 1451 subjecti,
1574 1382 1651 1434 ita
1690 1381 1988 1451 Episcopos
2039 1402 2245 1436 succes-

204 1475 349 1509 sores
390 1455 786 1524 Apostolorum
825 1457 1067 1526 accipere
1105 1457 1407 1509 immediate
1447 1455 1830 1508 auctoritatem
1869 1476 1898 1508 a
1927 1457 2162 1521 ChristO,
2194 1461 2246 1510 et

202 1535 383 1584 tamen
421 1530 574 1583 Rom.
618 1529 874 1583 Pontifici
914 1532 1209 1584 successori
1249 1530 1401 1583 Petri
1452 1548 1575 1582 vere
1615 1533 1668 1582 et
1707 1549 1911 1599 semper
1967 1550 2081 1583 esse
2121 1532 2247 1584 sub-

196 1607 399 1674 jectos:
441 1609 494 1658 et
536 1605 660 1674 quia
686 1605 982 1658 Concilium
1011 1609 1225 1659 constat
1251 1623 1315 1657 ex
1342 1604 1642 1673 EpiscopiS.
1684 1604 1802 1656 ideo
1833 1606 2245 1669 concludebant,

204 1678 504 1732 Concilium
544 1679 783 1748 accipere
823 1680 1127 1732 immediate
1167 1698 1318 1732 suam
1356 1678 1738 1730 auctoritatem
1775 1698 1805 1730 a
1845 1678 2079 1732 ChristO.

351 1754 412 1805 3⁰
453 1753 628 1822 Caput
683 1754 917 1822 primum
969 1758 1023 1806 et
1063 1755 1127 1806 ad
1180 1754 1428 1806 intimam
1466 1752 1716 1804 Ecclesiae
1768 1753 2055 1805 essentiam
2094 1771 2243 1822 spec-

210 1831 349 1892 tanS,
404 1847 434 1880 a
485 1847 590 1897 quo
642 1829 822 1880 eadem
862 1829 1062 1898 accipit
1114 1847 1264 1881 suam
1303 1827 1700 1889 auctoritatem,
1754 1831 1807 1879 et
1845 1827 1959 1879 sine
2001 1846 2106 1896 quo
2146 1827 2249 1880 Ec·-

203 1903 364 1955 clesia
402 1908 678 1971 nunquam
717 1904 802 1955 vel
842 1922 955 1955 esse
995 1904 1080 1954 vel
1120 1901 1330 1970 concipi
1369 1904 1565 1970 potest,
1611 1918 1721 1952 esse
1762 1900 2052 1953 Christum.

353 1978 414 2029 4⁰
456 1976 756 2029 Secundum
798 1977 1194 2030 ordinationem
1237 1975 1456 2038 Christi,
1497 1975 1793 2043 primatum
1829 1975 1996 2038 Petri,
2040 1993 2246 2028 succes-

203 2070 375 2104 sorem
395 2051 546 2103 Petri
570 2050 724 2103 Rom.
749 2051 1070 2104 Pontificem
1110 2054 1350 2120 spectare
1390 2049 1455 2101 ad
1497 2049 1944 2101 constitutionem
1971 2049 2244 2111 Ecclesiae3

203 2125 427 2194 ideoque
467 2125 761 2177 Ecclesiam
801 2126 990 2178 debere
1030 2143 1237 2194 semper
1275 2125 1469 2176 habere
1510 2141 1868 2175 successorem
1888 2123 2070 2185 Petri3
2112 2142 2245 2192 qua-

204 2204 428 2269 propter
468 2200 560 2252 ubi
599 2199 673 2252 sit
711 2203 889 2252 certus
930 2204 983 2252 et
1023 2199 1297 2269 legitimus
1324 2198 1487 2266 Papa,
1531 2197 1623 2265 qui
1664 2197 1918 2250 canonice
1956 2201 2097 2267 agat,
2128 2197 2246 2250 31116

204 2274 300 2326 1110
339 2293 452 2326 11011
491 2293 647 2342 posse
668 2274 852 2325 haberi
891 2275 974 2325 vel
1002 2292 1113 2326 esse
1143 2272 1444 2325 Concilium
1470 2272 1869 2334 oecumenicum,
1899 2271 2022 2339 quia
2051 2290 2246 2340 corpus

205 2348 320 2401 sine
378 2348 552 2417 capite
609 2366 720 2399 non
759 2351 840 2400 est
878 2365 1137 2416 persona:
1200 2350 1253 2399 et
1293 2346 1350 2398 in
1389 2345 1492 2398 hoc
1531 2363 1690 2397 sensu
1748 2363 1934 2397 verum
1993 2349 2090 2408 est,
2151 2345 2243 2396 ubi

203 2422 416 2486 Petrus,
477 2421 553 2474 ibi
594 2421 847 2490 Ecclesia,
909 2422 1023 2474 sine
1062 2421 1224 2474 Petro
1278 2439 1387 2472 non
1448 2437 1560 2471 esse
1619 2420 1937 2472 Ecclesiam:
1998 2438 2111 2471 non
2169 2418 2247 2470 ita

206 2501 389 2550 tamen
439 2496 616 2565 ipsum
667 2495 820 2548 Rom.
875 2495 1196 2550 Pontificem
1248 2497 1488 2563 spectare
1538 2493 1602 2545 ad
1644 2493 1930 2545 essentiam
1977 2492 2244 2555 Ecclesiae,

207 2575 269 2624 ut
310 2571 427 2622 sine
476 2571 593 2638 ipso
642 2589 919 2638 nunquam
971 2570 1145 2638 possit
1185 2586 1296 2620 esse
1335 2568 1420 2619 vel
1468 2567 1679 2635 concipi
1720 2567 1975 2630 Ecclesia,
2031 2585 2150 2618 cum
2189 2566 2247 2618 in

206 2644 454 2697 omnibus
489 2644 821 2714 interregnis
861 2647 988 2696 ante
1027 2643 1346 2696 electionem
1385 2641 1576 2693 summi
1616 2641 1897 2693 Pontificis
1950 2641 2134 2692 nullus
2175 2640 2247 2693 sit

206 2718 476 2781 Pontifex,
538 2722 591 2771 et
629 2722 810 2770 tamen
850 2719 923 2770 sit
962 2717 1233 2770 Ecclesia:
1295 2719 1348 2768 et
1405 2715 1462 2767 in
1519 2716 1614 2768 illo
1657 2715 1914 2767 diuturno
1963 2714 2247 2767 schismate

206 2794 389 2845 nullus
428 2792 592 2845 fuerit
633 2796 809 2845 certus
850 2796 904 2845 et
943 2792 1218 2861 legitimus
1258 2790 1419 2858 Papa,
1470 2793 1525 2842 et
1575 2794 1756 2842 tamen
1807 2788 2105 2857 permansit
2144 2787 2246 2838 Ec-

147 2878 150 2879 ’
209 2868 383 2931 616316,
426 2867 552 2935 quia
591 2870 672 2919 est
711 2865 1125 2927 indefectibilis3
1180 2868 1234 2917 et
1276 2865 1439 2916 etiam
1494 2881 1555 2915 eo
1597 2867 1836 2931 tempore
1875 2880 2060 2914 verum
2100 2864 2243 2914 erat:

210 2942 364 2994 credo
405 2941 463 2992 in
502 2959 664 2992 unam
704 2944 944 2993 sanctam
984 2943 1040 2992 et
1077 2939 1429 3007 apostolicam
1467 2937 1774 2989 Ecclesiam.
1853 2936 1926 2988 Et
1963 2935 2081 2986 ideo
2109 2938 2246 2986 tem-

210 3034 340 3085 pore
380 3015 527 3067 illius
568 3015 868 3067 schismatis
909 3013 1211 3067 Concilium
1236 3012 1490 3064 Pisanum
1517 3011 1763 3080 generale
1790 3009 2063 3061 definivit:
2110 3007 2246 3060 «Hic

209 3108 320 3144 6336
359 3089 606 3160 generale
647 3089 946 3142 Concilium
971 3087 1473 3156 repraesentativum
1500 3085 1667 3137 totius
1694 3083 1945 3135 Ecclesiae
1973 3082 2247 3134 catholicae

211 3164 332 3227 rite,
369 3166 515 3233 juste
555 3167 610 3216 et
647 3163 1048 3216 rationabiliter
1087 3161 1371 3212 fundatum
1410 3163 1463 3211 et
1505 3162 1943 3226 congregatum,»
1988 3160 2038 3209 61
2065 3159 2246 3208 tamen

209 3238 392 3290 nullus
433 3240 610 3289 certus
649 3241 703 3289 et
740 3237 1017 3308 legitimus
1056 3234 1219 3304 Papa,
1263 3234 1355 3303 qui
1397 3232 1696 3285 Concilium
1737 3233 2124 3283 convocaverat
2159 3231 2244 3282 vel

212 3311 380 3362 eidem
439 3310 769 3378 praesidebat.
846 3311 1078 3378 Ideoque
1136 3309 1202 3360 ad
1259 3306 1540 3360 essentiam
1601 3304 1851 3357 Ecclesiae
1899 3307 2122 3372 spectat,
2183 3308 2244 3356 ut

213 3384 402 3436 debeat
457 3383 651 3435 habere
690 3383 905 3453 Papam,
966 3387 1027 3435 ut
1085 3383 1240 3434 illum
1295 3381 1487 3433 habeat
1544 3379 1692 3432 velut
1743 3378 1801 3430 in
1839 3378 2118 3447 potentia:
2178 3378 2244 3429 ad

213 3457 515 3510 naturalem
553 3474 680 3510 vero
722 3461 924 3512 statum
961 3456 1209 3510 Ecclesiae
1249 3457 1576 3535 spectat,·ut
1601 3471 1658 3505 re
1686 3453 1801 3522 ipsa
1829 3453 2036 3505 habeat.
2090 3451 2243 3504 Unde

215 3531 476 3600 sequitur,
517 3548 671 3598 posse
724 3532 933 3601 concipi
972 3530 1264 3582 Ecclesiam
1315 3528 1429 3580 sine
1481 3527 1679 3580 actuali
1733 3544 2036 3580 successore
2075 3524 2240 3588 Petri,

215 3623 330 3657 non
367 3622 522 3673 posse
561 3604 769 3674 concipi
807 3622 1163 3658 successorem
1200 3602 1350 3655 Petri
1390 3601 1506 3654 sine
1545 3601 1798 3654 Ecclesia.

366 3679 428 3732 5⁰
467 3677 688 3741 Quando
730 3679 868 3733 desit
906 3678 1068 3747 Papa,
1111 3677 1220 3730 sive
1262 3676 1386 3744 quia
1423 3676 1605 3728 nullus
1646 3679 1823 3728 certus
1878 3677 1930 3726 et
1967 3671 2241 3741 legitimus

216 3751 361 3824 Papa
398 3751 564 3818 adest,
628 3752 737 3808 sive
795 3753 920 3825 quia
957 3752 1103 3823 Papa
1161 3753 1338 3804 certus
1397 3753 1450 3804 et
1505 3749 1779 3821 legitimus
1821 3750 2010 3801 contra
2059 3762 2242 3802 omnes
