2722 4146
2195 295 2266 348 49

226 440 278 498 S.
319 441 518 498 Leonis
558 441 791 514 epistola
831 442 983 512 (tom.
1024 442 1149 499 VII.
1187 441 1366 498 Mansi
1403 462 1528 516 pag.
1575 442 1681 513 10.)
1720 439 2041 512 expressiuS,
2070 439 2271 494 clarius

225 523 280 572 et
317 519 609 572 solemnius
648 521 829 571 actum
868 519 992 583 fuit,
1045 522 1099 572 et
1152 519 1382 588 epistola
1431 517 1766 588 synodaliter
1815 516 1926 570 fuit
1962 519 2177 584 recepta
2214 520 2270 569 et

223 593 535 662 adprobata.
630 591 757 645 Non
810 594 1055 647 contenti
1106 595 1248 646 enim
1301 581 1682 665 gloriosissimi
1734 591 1942 662 judices
1983 589 2269 659 epistolam

225 665 278 721 S.
319 667 514 721 Leonis
555 666 721 719 fuisse
760 686 856 736 per
895 668 1020 721 illos
1062 669 1630 737 clamoresreceptam
1667 667 1724 719 in
1762 665 1974 720 actione
2023 663 2272 730 secunda,

225 742 638 810 postulaverunt
678 741 736 793 in
775 742 990 795 actione
1011 747 1220 812 quarta,
1262 746 1324 796 ut
1363 742 1593 812 epistola
1633 740 1685 795 S.
1709 740 1906 794 Leonis
1935 739 2270 805 solemniter,

225 815 574 884 synodaliter,
615 816 910 869 secundum
950 836 1196 882 canones,
1237 821 1291 871 et
1331 817 1686 870 conciliorum
1722 815 2048 886 gravitatem
2066 814 2270 884 recipe-

226 894 375 942 retur
425 893 478 942 et
530 890 939 958 adprobaretur.
1050 890 1477 945 «Gloriosissimi
1529 891 1736 960 judices
1794 894 1849 943 et
1904 889 2271 959 amplissimus

227 968 444 1016 senatus
486 964 770 1017 dixerunt:
832 965 1098 1027 Quoniam
1156 985 1307 1019 sacra
1346 966 1641 1036 Evangelia
1680 964 1858 1034 posita
1899 963 2269 1033 perspicimUS,

225 1037 428 1107 singuli
482 1039 914 1092 reverendissimi
951 1040 1224 1110 Episcopi,
1278 1041 1371 1109 qui
1426 1042 1813 1103 convenerunt,
1873 1039 2118 1103 doceant,
2179 1056 2270 1090 ex-

227 1111 425 1179 positio
464 1115 831 1166 trecentorum
872 1115 1052 1166 decem
1092 1119 1145 1168 et
1185 1119 1308 1168 octo
1351 1119 1664 1168 sanctorum
1701 1113 1946 1177 Patrum,
2000 1113 2094 1182 qui
2141 1113 2270 1166 olim

227 1186 284 1237 in
305 1184 487 1238 Nicaea
528 1187 742 1240 collecti
783 1192 928 1244 sunt.
970 1194 1025 1242 et
1062 1193 1188 1258 post
1225 1190 1340 1242 haec
1380 1193 1596 1242 centum
1637 1187 2051 1258 quinquaginta,
2094 1187 2188 1256 qui
2213 1186 2272 1238 in

226 1259 375 1330 regia
416 1262 735 1332 congregati
775 1267 905 1317 sunt
944 1264 1180 1329 civitate,
1222 1269 1468 1318 consonat
1515 1263 1796 1330 Epistolae
1845 1261 2273 1315 reverendissimi

227 1334 417 1401 Papae
456 1335 692 1389 Leonis?

376 1407 667 1463 Anatolius
707 1411 1009 1480 Episcopus
1051 1411 1132 1466 Gt.
1177 1412 1381 1482 primus
1421 1412 1588 1465 dixit:
1642 1411 1893 1480 Epistola
1942 1410 2272 1464 sanctissimi

229 1481 640 1554 Archiepiscopi
698 1485 894 1539 Leonis
954 1493 1200 1540 consonat
1256 1487 1502 1556 symbolo
1559 1490 1931 1539 trecentorum
1981 1485 2162 1538 decem
2219 1489 2273 1538 et

229 1561 352 1610 octo
393 1556 604 1622 Nicaeae,
658 1564 712 1613 et
763 1565 978 1613 centum
1028 1562 1429 1632 quinquaginta
1469 1559 2038 1629 ConstantinopoleOS,
2090 1559 2180 1612 sed
2219 1563 2274 1613 et

226 1631 310 1694 iis,
352 1650 470 1700 quae
510 1633 567 1684 in
620 1634 832 1702 Epheso
881 1636 978 1687 sub
1020 1636 1362 1688 sanctissimo
1405 1634 1609 1704 Cyrillo
1662 1638 1817 1705 gesta
1856 1638 1984 1687 sunt
2035 1635 2102 1686 ab
2149 1633 2273 1686 uni-

227 1706 422 1757 versali
464 1706 723 1761 Concilio.
802 1709 1144 1778 Quaproptcr
1185 1710 1450 1775 consensi,
1491 1714 1547 1763 et
1575 1709 1743 1761 eidem
1770 1708 2014 1778 epistolae
2039 1708 2273 1760 libenter

226 1780 534 1849 subscripsi.

377 1854 571 1907 Caeteri
624 1875 807 1910 omnes
859 1856 917 1909 in
956 1857 1181 1910 eundem
1222 1875 1468 1911 sensum:
1525 1856 1820 1912 Concordat
1873 1862 1921 1911 et
1959 1858 2269 1924 subscripsi.

228 1927 392 1981 Multi
432 1929 631 1984 diserte
671 1935 725 1984 et
765 1950 1041 2000 expresse:
1089 1931 1394 1998 Concordat,
1425 1938 1474 1986 et
1499 1934 1615 1986 ideo
1640 1933 1949 1999 subscripsi.
2007 1930 2272 1985 Additum

228 2022 259 2055 a
298 2004 644 2071 quibusdam:
702 2004 996 2060 Concordat
1047 2013 1095 2060 et
1139 2009 1451 2074 subscripsi,
1502 2026 1617 2061 cum
1669 2013 1805 2061 recte
1841 2007 2047 2061 habeat.
2128 2005 2268 2058 Alii:

234 2077 562 2132 Concordare
601 2085 736 2133 certe
773 2084 914 2144 scio;
975 2082 1096 2133 alii:
1165 2081 1300 2135 Cum
1358 2088 1490 2136 esset
1549 2100 1770 2136 consona
1827 2088 1875 2135 et
1912 2082 2130 2134 eundem
2174 2081 2269 2133 ha-

229 2152 367 2203 beret
404 2170 632 2219 scopum,
694 2157 924 2221 amplexi
962 2173 1145 2209 simius
1184 2162 1232 2210 et
1269 2158 1697 2224 subscripsimus,
1775 2155 1915 2208 Alii:
1964 2156 2121 2208 Hanc
2147 2157 2270 2223 jam

229 2227 354 2278 olim
395 2230 656 2281 tenuimus
691 2230 880 2295 foderim
918 2231 1050 2284 hanc
1091 2236 1331 2295 tenemu3‚
1387 2233 1446 2284 in
1495 2232 1591 2284 hac
1642 2231 1904 2297 baptizati
1954 2247 2154 2294 sumuS,
2211 2231 2269 2282 in

227 2300 325 2353 hac
364 2302 713 2368 baptizamus.
793 2304 994 2374 Magna
1033 2323 1187 2373 pars:
1234 2304 1367 2358 Cum
1403 2306 1645 2369 viderem,
1689 2323 1804 2358 eum
1842 2306 2103 2368 sentirem,
2153 2321 2268 2357 cum

229 2376 674 2441 deprehenderem,
718 2395 830 2431 cum
870 2380 1155 2432 invenirem
1195 2382 1498 2444 consentire,
1539 2380 1847 2446 subscripsi.
1942 2377 2086 2430 Alii:
2138 2377 2271 2431 Per-

229 2466 439 2513 suasus,
498 2451 804 2519 instructus,
860 2455 1049 2507 certior
1094 2455 1288 2519 factus,
1337 2456 1472 2522 quod
1523 2456 1697 2508 omnia
1747 2454 2112 2517 consentirent,
2150 2452 2270 2506 sub-

229 2524 438 2590 scripsi.
517 2524 681 2578 Multi
720 2532 999 2595 exponunt
1038 2529 1388 2582 difficultates
1441 2548 1579 2592 suas,
1635 2529 1918 2598 plerasque
1970 2546 2034 2579 ex
2080 2527 2270 2597 lingua

231 2598 514 2667 peregriua
553 2604 717 2664 ortas,
758 2601 890 2654 alias
931 2620 994 2654 ex
1032 2603 1193 2655 rebus
1218 2603 1366 2672 ipsis,
1408 2607 1462 2656 et
1487 2603 1700 2655 audisse
1727 2603 1942 2672 quidem
1969 2601 2268 2671 epistolam,

230 2676 287 2724 et
322 2671 379 2723 in
417 2673 667 2741 plurimis
705 2679 849 2728 recte
887 2676 1175 2730 habentem
1201 2677 1539 2746 comperisse,
1580 2677 1762 2746 aliqua
1786 2677 1949 2729 verba
1975 2676 2268 2739 obstitisse,

230 2763 348 2814 quae
398 2747 749 2815 partitionem
801 2750 1036 2819 aliquam
1085 2752 1145 2803 in
1185 2752 1388 2805 Christi
1433 2771 1663 2820 persona
1715 2752 2084 2804 demonstrare
2123 2750 2270 2802 vide-

230 2824 447 2873 rentur:
490 2821 695 2875 addunt
734 2843 765 2876 a
805 2824 1130 2878 Paschasino
1171 2831 1224 2880 et
1262 2826 1483 2896 Legatis
1522 2827 1710 2879 doctos
1748 2843 1877 2889 esse,
1937 2824 2081 2893 quod
2119 2823 2270 2876 nulla

232 2895 456 2962 partitio
497 2901 652 2961 esset,
694 2899 784 2951 sed
825 2919 962 2952 unus
1005 2900 1282 2954 Christus:
1324 2902 1454 2964 ideo,
1498 2900 1772 2968 inquiunt,
1826 2899 2176 2952 consensimus
2221 2902 2270 2950 et

229 2969 623 3024 subscribimus.
701 2972 815 3025 Alii
856 2975 1120 3027 enarratis
1160 2975 1262 3038 his,
1304 2993 1422 3044 quae
1461 2973 1815 3026 Paschasinus
1869 2976 1923 3026 et
1974 2971 2269 3024 Lucentius

233 3042 498 3108 dixerant,
540 3045 615 3098 sic
657 3048 1016 3102 concludunt:
1071 3048 1180 3102 Per
1229 3050 1321 3102 hoc
1359 3049 1509 3102 nobis
1547 3049 1884 3114 satisfactum
1941 3051 2032 3110 est,
2091 3051 2140 3099 et
2167 3063 2270 3112 per

233 3118 408 3169 omnia
447 3136 729 3174 consonare
767 3125 1107 3176 aestimantes
1143 3125 1344 3177 sanctis
1364 3123 1641 3186 PatribuS,
1685 3121 2037 3174 consensimus
2074 3125 2123 3174 et
2147 3120 2269 3174 sub-

233 3192 558 3256 scripsimus.
650 3195 765 3258 Quo
823 3197 942 3250 loco
1000 3197 1303 3265 Illyriciani
1340 3195 1613 3265 Episcopi,
1667 3195 1761 3264 qui
1810 3196 1924 3264 jam
1961 3194 2020 3247 in
2057 3195 2270 3248 actione

235 3265 481 3329 secunda,
523 3270 739 3335 quando
778 3272 919 3324 lecta
957 3272 1136 3325 fuerat
1160 3271 1389 3341 epistola
1416 3270 1468 3323 S.
1491 3269 1686 3322 Leonis
1713 3268 2062 3322 difficultates
2088 3287 2269 3322 move-

235 3341 378 3402 rant,
432 3343 488 3393 et
535 3342 648 3407 alii,
703 3345 798 3413 qui
847 3349 974 3399 ante
1025 3345 1162 3398 illud
1211 3364 1433 3398 examen
1472 3343 1716 3412 epistolae
1773 3342 1971 3396 Leonis
2009 3344 2268 3396 acclama-

237 3417 440 3477 verant,
481 3412 679 3468 iterum
704 3419 967 3473 clamant:
1007 3418 1217 3473 Eadem
1242 3437 1418 3473 omnes
1443 3418 1688 3482 dicimus,
1728 3417 1879 3471 ethis
1904 3419 2266 3481 consentimus,

237 3489 299 3538 ut
338 3487 584 3554 profecto
622 3494 677 3544 et
714 3492 771 3545 in
809 3493 926 3562 ipsa
963 3493 1185 3561 synod0,
1226 3497 1280 3546 et
1317 3495 1445 3545 ante
1483 3492 1764 3560 synodum,
1817 3492 1896 3545 ita
1935 3492 2269 3545 consensisse

238 3564 479 3624 constet3
534 3564 675 3631 quod
726 3584 785 3619 re
834 3567 1185 3632 considerata,
1239 3565 1526 3620 convenire
1577 3566 1755 3620 omnia
1804 3585 1926 3619 cum
1969 3564 2268 3635 apostolica

237 3634 484 3687 doctrina
521 3641 575 3689 et
616 3637 695 3692 Ss.
724 3639 946 3695 Patrum
973 3640 1267 3695 traditione
1292 3640 1640 3707 aestimarent,
1661 3640 1986 3711 judicarent,
2026 3637 2267 3709 persuasi

1914 3803 1943 3846 4
