2612 4062
450 274 554 324 272

448 439 515 473 ss.
546 419 772 473 Patrum
798 420 1288 476 constitutionibus
1315 440 1377 475 ac
1403 424 1820 478 auctoritatibus
1841 443 1903 478 ac
1931 443 2196 480 consensu
2220 426 2491 481 Ecclesiae

449 494 773 557 catholicae,
827 494 940 547 sint
976 496 1187 562 breveS,
1240 515 1338 550 nec
1378 502 1644 569 vagentur
1693 517 1787 568 per
1826 500 2047 553 inutiles
2093 504 2147 553 et
2195 501 2490 570 superfluas

448 569 819 639 (1113031101103,
872 569 1289 641 abstineantque
1326 591 1358 624 a
1397 573 1666 641 protervis
1706 574 2178 628 contentionibus:
2226 575 2492 646 incipient

448 643 607 712 primi
649 643 746 695 tali
787 643 887 706 die,
929 643 1065 697 hora
1098 649 1198 699 etc.
1261 645 1371 699 Sub
1399 646 1497 700 Pio
1533 651 1713 700 autem
1739 647 1819 700 IV
1857 667 2026 717 usque
2065 649 2195 702 adeo
2235 669 2491 703 numerus

446 718 851 787 Theologorum
905 719 990 771 uti
1040 720 1203 773 etiam
1253 721 1480 774 Patrum
1526 725 1717 775 auctus
1769 726 1879 787 est,
1931 727 1994 776 ut
2045 723 2336 793 aliquando
2376 743 2489 778 non

445 793 728 860 potuerint
769 811 950 845 omnes
991 812 1154 863 super
1193 814 1520 865 unoquoque
1546 796 1778 850 articulo
1805 797 1996 861 audiri,
2038 815 2203 868 quare
2242 798 2491 852 distincti

447 870 575 919 sunt
625 866 891 938 Theologi
949 886 1043 936 per
1098 869 1332 933 Classes,
1395 876 1450 924 et
1507 871 1799 940 unicuique
1851 871 2022 924 Classi
2079 872 2163 924 sui
2220 872 2492 941 propositi

444 940 665 993 articuli
703 941 1053 1007 discutiendi,
1095 944 1179 996 his
1220 945 1426 997 verbis:
1478 944 1561 997 Ne
1599 963 1662 997 ex
1702 946 1999 1015 propositis
2038 947 2285 999 articulis
2322 946 2492 1016 aliqui

446 1016 773 1068 omittantur
826 1016 910 1068 vel
969 1018 1310 1089 negligenter
1349 1020 1771 1089 perpendantur,
1813 1021 2018 1089 placuit
2058 1021 2116 1072 in
2155 1039 2246 1073 sex
2287 1020 2493 1074 Classes

447 1090 764 1143 infradictas
804 1091 1036 1160 disponi,
1078 1098 1143 1146 ut
1180 1093 1246 1146 ad
1287 1112 1376 1146 eos
1403 1095 1786 1147 examinandos
1826 1113 1890 1147 ex
1917 1095 2065 1148 omni
2091 1095 2491 1165 Theologorum

446 1164 637 1217 ordine
686 1165 855 1234 aliqui
905 1166 1369 1232 describerentur,
1423 1188 1587 1238 quare
1639 1169 1906 1240 Theologi
1957 1187 2142 1222 omnes
2195 1169 2289 1238 qui
2335 1187 2491 1238 prae-

445 1240 678 1308 scriptae
716 1240 899 1293 classis
925 1241 1187 1295 articulos
1214 1242 1579 1296 discutiendos
1605 1244 1956 1312 susceperint,
1992 1244 2130 1296 alios
2159 1243 2492 1306 omittenteS,

443 1313 507 1366 de
547 1314 656 1366 illis
699 1318 913 1368 tantum
947 1317 1242 1370 sententias
1283 1337 1405 1370 suas
1445 1318 1646 1371 dicant.
1711 1317 1856 1371 Ordo
1896 1322 2078 1371 autem
2116 1318 2173 1369 in
2207 1318 2494 1371 sententiis

444 1388 683 1441 dicendis
724 1390 1030 1443 servabitur
1065 1393 1223 1460 juxta
1263 1395 1475 1461 tempus
1515 1411 1640 1446 suae
1681 1394 1938 1462 cujusque
1977 1392 2358 1462 promotionis.
2425 1392 2491 1444 In

446 1463 529 1515 his
593 1463 766 1534 igitur
831 1463 1103 1518 Classibus
1167 1468 1390 1519 nomina
1453 1468 1695 1520 omnium
1759 1467 2161 1537 Theologorum
2224 1466 2494 1535 descripta

447 1542 627 1602 erant,
679 1542 842 1608 atque
894 1539 973 1592 ita
1026 1540 1085 1592 in
1136 1541 1306 1595 valvis
1355 1542 1560 1595 theatri
1599 1542 1981 1612 affigebantur,
2024 1546 2085 1594 ut
2126 1541 2494 1610 unusquisque

447 1613 637 1676 sciret,
698 1618 752 1667 et
811 1632 916 1682 quo
975 1615 1094 1667 loco
1154 1619 1208 1668 et
1266 1634 1426 1684 super
1485 1635 1592 1686 quo
1657 1616 1889 1669 articulo
1949 1616 2279 1684 loquuturus
2337 1618 2490 1667 esset.

446 1687 777 1740 Deferebant
813 1689 959 1740 enim
999 1707 1183 1742 omnes
1223 1709 1409 1743 eorum
1448 1691 1819 1759 promotiones
1858 1690 1924 1742 ad
1965 1689 2323 1743 Secretarium
2351 1688 2492 1742 Con-

448 1762 578 1826 cilii,
622 1763 991 1832 unusquisque
1030 1783 1126 1816 3110
1166 1765 1286 1817 1000
1328 1764 1732 1834 disponebatur,
1774 1783 1840 1817 ne
1878 1765 2008 1817 alias
2048 1764 2193 1817 inter
2233 1782 2322 1816 eos
2363 1781 2492 1815 con-

448 1836 589 1889 fusio
629 1841 725 1890 aut
765 1838 1048 1890 contentio
1090 1838 1355 1903 oriretur,
1397 1840 1769 1908 unusquisque
1807 1839 1873 1891 ad
1913 1838 2129 1891 libitum
2168 1838 2493 1890 sententiam

447 1930 598 1964 suam
655 1912 867 1980 profert
923 1915 1041 1965 tum
1109 1913 1442 1966 defendendo
1506 1919 1623 1966 tum
1685 1913 2047 1982 oppugnando
2098 1912 2494 1964 haereticorum

448 1985 760 2055 opiniones:
802 1986 1034 2038 liberum
1062 1987 1205 2039 enim
1244 1992 1326 2041 est
1365 1989 1658 2058 unicuique
1685 1995 1874 2041 votum
1913 2006 2012 2056 pro
2041 1986 2270 2039 arbitrio
2297 1986 2491 2049 dicere,

449 2066 506 2113 et
556 2061 699 2129 quod
751 2080 892 2113 unus
941 2061 1214 2126 defendit,
1272 2062 1410 2115 alius
1450 2063 1799 2133 impugnare,
1839 2061 2126 2114 dummodo
2166 2060 2404 2113 modeste
2443 2064 2497 2111 et

451 2154 571 2188 011111
629 2135 894 2189 charitate
944 2155 1046 2204 pro
1098 2136 1421 2189 invenienda
1472 2138 1551 2190 rei
1600 2138 1663 2190 de
1703 2156 1808 2206 qua
1846 2137 2031 2207 agitur
2070 2135 2332 2198 veritate,
2385 2153 2497 2187 non

450 2215 630 2263 autem
659 2211 726 2263 ob
754 2210 1162 2264 contentionem
1189 2230 1281 2264 seu
1308 2212 1537 2264 aliorum
1558 2212 1814 2281 injuriam
1841 2211 2168 2280 loquantur3
2195 2209 2496 2277 licebatque

449 2304 550 2354 pro
599 2284 762 2338 libitu
815 2303 1115 2338 sermonem
1166 2305 1322 2338 suum
1360 2287 1680 2356 protrahere
1720 2303 1889 2355 usque
1926 2285 2089 2347 adeO,
2141 2287 2202 2336 ut
2242 2299 2495 2353 persaepe

452 2379 591 2412 unus
632 2360 853 2412 nonnisi
893 2361 948 2412 in
990 2379 1100 2412 una
1139 2359 1577 2431 Congregatione
1617 2361 1876 2430 loquutus
1917 2359 2102 2422 fuerit,
2143 2362 2199 2411 et
2237 2375 2495 2410 nonnun-

452 2453 611 2503 quam
659 2435 713 2486 id
761 2435 905 2504 quod
958 2435 1155 2504 aliquis
1209 2436 1266 2487 in
1319 2455 1427 2488 una
1479 2455 1591 2489 non
1633 2438 1873 2504 poterat,
1923 2434 1983 2487 in
2020 2433 2126 2485 alia
2164 2431 2492 2501 perficiebat,

451 2513 614 2578 atque
665 2509 743 2562 ita
795 2527 979 2562 omnes
1031 2510 1098 2561 ad
1149 2509 1456 2563 satietatem
1506 2510 1608 2562 sibi
1659 2510 1790 2578 ipsis
1842 2508 2262 2562 satisfaciebant.
2354 2505 2495 2558 Dum

452 2583 717 2653 Theologi
743 2583 1061 2652 loquuntur,
1101 2584 1435 2636 adnotantur
1463 2602 1650 2636 eorum
1676 2583 1976 2636 sententiae
2014 2600 2110 2651 per
2137 2579 2495 2634 Secretarium

453 2676 514 2711 eo
573 2658 733 2710 modo
803 2676 910 2727 (1110
974 2677 1140 2727 supra
1199 2658 1256 2710 in
1316 2657 1751 2728 Congregatione
1809 2656 2063 2709 Generali
2119 2655 2323 2708 dictum
2381 2657 2494 2715 est;

453 2732 742 2802 aliquando
794 2736 975 2785 tamen
1026 2732 1084 2784 in
1123 2732 1344 2801 scriptis
1392 2732 1553 2785 0113111
1591 2732 1658 2784 310
1697 2730 1944 2800 ipsismet
1981 2730 2211 2782 habitae.
2289 2727 2497 2780 Deinde

454 2808 618 2860 iidem
655 2806 876 2860 articuli
915 2825 1034 2859 cum
1074 2807 1314 2860 censuris
1354 2810 1410 2860 et
1441 2806 1646 2876 judicio
1673 2805 2074 2875 Theologorum
2112 2805 2496 2872 proponuntur

455 2882 513 2934 in
561 2881 999 2952 Congregatione
1038 2880 1290 2934 Generali
1341 2881 1540 2934 iterum
1592 2879 1930 2933 examinandi
1982 2882 2037 2931 et
2089 2875 2414 2930 discutiendi
2466 2893 2498 2927 a

455 2955 723 3010 Patribus.
802 2955 1148 3008 Conveniunt
1195 2959 1377 3008 autem
1427 2956 1486 3008 in
1537 2953 1862 3024 supradictis
1915 2952 2317 3022 Theologorum
2356 2949 2497 3003 Con-

455 3031 866 3102 gregationibus
920 3049 1106 3083 omnes
1165 3030 1258 3099 qui
1307 3030 1366 3082 in
1424 3030 1499 3083 eis
1551 3029 1806 3082 interesse
1863 3027 2166 3090 voluerint,
2225 3026 2495 3107 habentur

456 3105 599 3156 enim
644 3105 828 3175 januis
879 3105 1097 3174 apertis.
1178 3104 1307 3158 Cum
1357 3104 1593 3173 primum
1645 3101 2028 3166 convenerint,
2090 3100 2337 3154 omnibus
2383 3115 2495 3151 suls

456 3178 516 3229 in
573 3180 705 3232 locis
756 3179 996 3232 modeste
1049 3183 1105 3233 et
1153 3179 1364 3249 quiete,
1423 3183 1487 3232 111
1537 3177 1680 3232 131111
1731 3176 1836 3229 1001
1876 3178 2128 3245 majestas
2166 3171 2494 3254 expostulat,

458 3253 872 3306 consedentibus
913 3257 970 3307 et
1005 3253 1224 3307 silentio
1266 3253 1410 3306 facto
1448 3255 1722 3306 annuente
1759 3250 1935 3319 primo
1976 3248 2350 3311 praesidente,
2401 3262 2495 3314 qui

458 3326 665 3394 primus
703 3327 872 3381 fuerit
909 3327 968 3380 in
1007 3328 1197 3381 ordine
1234 3327 1495 3396 loquitur.

659 3490 755 3549 De
803 3492 1296 3566 Deputationibus
1343 3490 1816 3551 Particularibus
1866 3489 2292 3548 Praelatorum.

607 3620 1000 3691 Deputationes
1063 3624 1417 3692 particulares
1481 3621 1855 3676 Praelatorum
1917 3619 2035 3673 fieri
2095 3617 2276 3671 solent
2296 3656 2310 3679 ,
2373 3629 2492 3681 (mm
2576 3636 2579 3641 ’

460 3695 644 3768 aliqua
681 3714 767 3749 res
819 3696 1015 3750 accidit
1030 3736 1043 3760 ‚
1102 3715 1238 3767 quae
1276 3697 1361 3751 vel
1400 3695 1675 3751 commode
1724 3696 1807 3748 vel
1857 3713 1921 3748 ex
1978 3692 2246 3764 dignitate
2295 3709 2327 3745 a
2374 3690 2492 3743 tota
