2722 4146
440 312 545 371 100

434 463 732 531 ecclesiam,
773 464 1016 519 omnium
1054 457 1402 518 ecclesiarum
1439 458 1689 519 doctrina
1726 458 1949 535 inipso,
1989 457 2160 518 veluti
2197 463 2258 517 in
2295 460 2484 518 centro

435 538 928 609 comprehenditur.

582 613 777 667 Modus
816 616 944 679 iste,
999 631 1108 683 quo
1148 613 1439 667 infallibile
1489 613 1863 684 magisterium
1913 614 2181 667 universae
2232 612 2486 666 Ecclesiae

435 688 742 758 concipitur
796 707 967 741 111111111
1023 691 1078 741 et
1136 687 1495 741 indivisibile:
1562 688 1813 758 quodque
1871 688 1983 742 sive
2044 706 2137 757 per
2190 687 2487 740 Ecclesiam

433 763 744 832 dispersam,
782 763 894 816 sive
921 781 1018 832 per
1043 763 1426 815 oecumenicam
1453 762 1738 832 synodum,
1766 763 1878 816 sive
1903 781 2000 832 per
2027 765 2188 831 caput
2213 761 2483 826 Ecclesiae,

432 855 641 906 semper
681 855 850 890 unum
900 841 954 890 et
1006 837 1146 890 idem
1186 856 1440 902 manens,
1500 855 1556 890 se
1595 837 1860 906 explicat,
1917 837 2098 890 omnia
2136 839 2487 889 monumenta

434 911 792 964 ecclesiastica
820 911 1093 977 conciliat,
1135 916 1190 966 et
1216 912 1274 964 111
1300 916 1419 966 tota
1446 911 1744 965 traditione
1771 911 1960 964 miram
1996 911 2264 981 quandam
2293 928 2487 963 conso-

432 986 678 1038 nantiam
729 989 784 1039 et
823 986 1066 1039 ordinem
1108 987 1423 1052 constituit,
1491 990 1544 1039 et
1596 986 1710 1038 haec
1760 990 1843 1039 est
1895 986 2087 1039 ultima
2139 989 2193 1038 et
2249 985 2486 1054 perfecta

434 1060 846 1127 demonstratio,
888 1065 1136 1115 nostram
1175 1062 1501 1115 sententiam
1541 1079 1654 1114 0330
1694 1079 1889 1114 veram.

1384 1256 1532 1340 VI.

588 1430 865 1487 Statutam
917 1432 1131 1500 thesim,
1186 1434 1439 1487 videlicet
1487 1450 1599 1485 non
1653 1431 1711 1484 in
1769 1431 1931 1484 unius
1970 1430 2127 1483 Rom.
2206 1427 2488 1481 Pontificis

437 1509 795 1574 auctoritate,
857 1509 947 1562 sed
1006 1509 1066 1560 in
1124 1508 1367 1562 unanimi
1427 1507 1781 1561 consensione
1845 1505 2087 1559 omnium
2145 1502 2489 1556 ecclesiarum

435 1583 758 1636 collocatam
785 1602 898 1636 esse
927 1584 1171 1653 regulam
1198 1583 1339 1647 fidei,
1383 1600 1648 1652 quamque
1675 1600 1739 1633 ex
1767 1581 2056 1650 scriptura,
2099 1597 2162 1631 ex
2191 1577 2488 1631 traditione

435 1661 489 1710 et
531 1676 596 1710 ex
637 1658 794 1727 praxi
831 1657 1004 1711 totius
1043 1658 1298 1711 Ecclesiae,
1337 1658 1582 1727 probavi,
1623 1674 1770 1708 nunc
1809 1673 1872 1709 ex
1897 1656 2020 1722 ipsa
2044 1655 2248 1707 ratione
2289 1651 2488 1704 confir-

434 1731 690 1784 mandum
728 1751 957 1785 assumo.

585 1804 738 1860 Licet
777 1806 922 1859 Deus
961 1806 1129 1859 libere
1176 1806 1233 1857 in
1286 1805 1548 1859 creaturis
1601 1805 1712 1858 suis
1763 1806 1922 1874 agat,
1977 1820 2255 1870 nunquam
2305 1804 2488 1853 tamen

439 1879 612 1932 violat
651 1880 1014 1934 immutabiles
1055 1899 1164 1934 suae
1203 1880 1483 1950 sapientiae
1521 1880 1684 1950 leges,
1726 1896 1843 1949 quae
1873 1896 1936 1929 ex
1977 1876 2194 1928 infinita
2234 1894 2329 1928 sua
2366 1893 2489 1943 per—

438 1954 682 2007 fectione
723 1955 1005 2018 oriuntur3
1046 1955 1190 2008 inter
1231 1975 1362 2024 quas
1403 1955 1500 2007 illa
1552 1953 1853 2023 principem
1905 1952 2083 2004 locum
2134 1950 2375 2014 obtinet,
2428 1951 2489 2000 ut

437 2028 505 2080 ad
547 2029 906 2082 obtinendum
946 2033 1186 2082 statutos
1227 2031 1390 2095 fines,
1443 2033 1596 2098 aptas
1653 2032 1707 2081 et
1747 2026 2126 2080 convenientes
2155 2042 2338 2076 causas
2380 2023 2489 2074 dis-

436 2107 625 2171 ponat,
668 2122 786 2172 quae
826 2104 1170 2157 connaturali
1209 2105 1368 2157 modo
1423 2104 1577 2156 illum
1634 2103 1884 2155 effectum
1939 2100 2271 2169 producant,
2331 2115 2489 2166 quem

434 2177 581 2230 Deus
621 2177 875 2231 intendit.
955 2178 1028 2232 Et
1068 2179 1126 2230 in
1165 2178 1268 2231 hoc
1308 2197 1404 2231 sua
1443 2178 1665 2230 infinita
1691 2175 1972 2245 sapientia,
2014 2193 2109 2226 sua
2147 2172 2395 2242 potentia
2435 2175 2489 2224 et

435 2270 532 2305 sua
572 2252 748 2306 virtus
790 2253 1070 2322 splendide
1108 2253 1454 2322 panduntur:
1498 2271 1593 2305 sua
1632 2250 1925 2320 sapientia,
1974 2266 2092 2318 quae
2131 2247 2198 2299 ad
2238 2246 2488 2299 obtinen-

435 2327 563 2378 dum
604 2330 843 2380 statutos
896 2327 1032 2380 fines
1084 2331 1267 2397 potest
1317 2328 1551 2396 optimas
1604 2330 1658 2379 et
1718 2322 2254 2378 convenientissimas
2306 2339 2488 2373 causas

436 2401 778 2471 excogitare;
839 2421 938 2454 sua
992 2402 1260 2471 potentia,
1321 2421 1441 2472 quae
1498 2420 1608 2454 non
1662 2400 1820 2453 modo
1869 2400 2052 2467 potest
2103 2412 2490 2465 quemcumque

436 2475 685 2528 effectum
725 2476 1037 2544 producere,
1079 2478 1169 2529 sed
1208 2476 1342 2545 ipsis
1383 2476 1577 2529 creatis
1619 2475 1793 2528 causis
1834 2474 2094 2525 virtutem
2134 2474 2186 2523 et
2227 2465 2490 2536 ἕιέργειαν

436 2549 774 2617 producendi
818 2551 1036 2602 effectus
1075 2550 1288 2612 indere3
1330 2569 1426 2602 sua
1467 2550 1682 2602 bonitas
1723 2548 1850 2617 quia
1890 2545 2152 2599 creaturis
2208 2543 2318 2596 suis
2379 2561 2488 2594 non

439 2623 598 2675 modo
639 2624 783 2676 bona
822 2623 1074 2693 largitur,
1132 2624 1223 2676 sed
1262 2627 1316 2676 et
1355 2623 1492 2675 illud
1531 2622 1808 2692 singulare
1849 2622 2051 2673 bonum
2101 2617 2373 2687 impertit,
2428 2620 2489 2669 ut

435 2697 722 2763 bonorum,
765 2716 884 2766 quae
923 2697 1223 2766 accipiunt,
1286 2716 1407 2750 cum
1446 2697 1559 2749 Deo
1620 2700 1674 2749 et
1728 2698 1855 2764 post
1894 2694 2065 2746 Deum
2125 2710 2263 2744 verae
2318 2708 2488 2742 causae

436 2771 693 2824 existant.
772 2772 846 2825 Et
883 2771 942 2823 in
981 2771 1082 2824 hoc
1123 2771 1376 2824 consistit
1416 2773 1580 2824 etiam
1618 2769 1814 2823 divinae
1853 2766 2210 2836 providentiae
2250 2764 2488 2817 suavitas

437 2849 492 2898 et
544 2845 846 2899 fortitudo:
909 2845 1163 2911 suavitaS,
1220 2846 1347 2916 quia
1399 2845 1582 2898 omnia
1627 2862 1724 2913 per
1783 2846 1938 2911 aptas
1989 2843 2043 2893 et
2101 2837 2487 2892 convenientes

438 2937 624 2973 causas
664 2920 862 2983 efficit3
903 2919 1194 2985 fortitudO,
1237 2920 1364 2990 quia
1391 2919 1572 2973 omnia
1613 2919 1690 2972 ita
1731 2915 1991 2986 disponit,
2033 2917 2096 2966 ut
2135 2913 2263 2965 dum
2291 2930 2487 2964 unum-

438 2995 689 3064 quodque
728 2994 1019 3048 secundum
1046 2995 1326 3064 propriam
1351 2999 1603 3048 naturam
1643 2992 1776 3063 agit,
1819 2989 2000 3043 omnia
2039 2988 2106 3039 ad
2132 2986 2486 3040 obtinendum

438 3071 709 3122 statutum
749 3070 927 3134 finem,
969 3068 1083 3122 Deo
1113 3069 1401 3140 dirigente,
1444 3070 1787 3122 concurrant.
1864 3062 1987 3117 Jam
2026 3080 2153 3115 vero
2195 3079 2315 3114 cum
2341 3059 2488 3144 Deus

438 3141 603 3195 vellet
663 3143 801 3196 illud
859 3143 1206 3214 privilegium
1257 3143 1511 3196 Ecclesiae
1573 3160 1682 3195 suae
1739 3138 2059 3200 concedere,
2118 3135 2262 3205 quod
2319 3134 2488 3187 sollus

438 3214 760 3270 Divinitatis
788 3221 870 3271 est
895 3219 1195 3287 proprium,
1223 3217 1596 3288 magisterium
1622 3214 1828 3270 scilicet
1847 3211 2155 3274 infallibile,
2183 3209 2486 3279 oportebat,

439 3292 504 3342 ut
545 3291 838 3343 secundum
877 3310 986 3344 suae
1025 3293 1310 3362 sapientiae
1348 3293 1521 3362 legem
1574 3308 1758 3343 causas
1808 3303 2020 3356 quoque
2067 3288 2225 3354 aptas
2265 3287 2319 3336 et
2358 3300 2488 3335 con-

440 3363 720 3416 venientes
747 3365 806 3416 in
833 3364 1073 3418 Ecclesia
1099 3370 1449 3437 praepararet,
1485 3383 1604 3435 quae
1630 3365 1828 3433 absque
1854 3359 2116 3413 continuo
2145 3362 2199 3411 et
2225 3359 2486 3426 perpetuo

439 3437 725 3502 miracu10,
766 3439 866 3491 sub
907 3439 1184 3494 ordinaria
1220 3442 1534 3495 assistentia
1561 3438 1800 3508 Spiritus
1827 3433 2018 3498 sancti,
2059 3430 2348 3485 infallibile
2384 3428 2489 3482 hoc

440 3511 818 3582 magisterium
857 3515 1199 3567 connaturali
1238 3515 1398 3569 modo
1440 3514 1733 3568 efficerent.
1810 3508 1932 3562 Jam
1970 3525 2099 3560 vero
2140 3505 2186 3559 si
2211 3505 2308 3558 uni
2342 3503 2486 3587 inter

443 3603 628 3640 omnes
666 3585 967 3656 Episcopos
1023 3589 1345 3643 concedatur
1384 3589 1652 3659 primatus
1705 3582 1930 3639 honoris
1989 3585 2043 3634 et
2086 3578 2487 3660 jurisdictlonffs

443 3659 501 3712 in
540 3660 847 3714 universam
886 3659 1182 3715 Ecclesiam
1233 3667 1288 3717 et
1325 3661 1699 3734 magisterium
1749 3673 2059 3727 supremum
2097 3653 2391 3706 collocetur
2417 3667 2486 3734 ,111

443 3735 690 3789 unanimi
729 3734 1084 3790 consensione
1124 3735 1284 3791 istius
1323 3736 1558 3809 supremi
1614 3732 1810 3806 capitis
1875 3748 1996 3784 cum
2036 3726 2286 3782 omnibus
2325 3724 2486 3794 Epls-
