2612 4062
2059 166 2166 246 3251

130 307 490 377 dogmaticum
559 309 776 362 concilii
844 310 1018 363 futuri
1074 310 1132 363 in
1189 329 1251 364 6ο
1310 311 1605 366 consistere
1674 312 1918 375 videtur,
1983 314 2047 364 ut
2110 310 2170 364 in

129 380 356 434 solemni
404 382 528 434 fidei
569 383 907 436 confessione
947 387 1000 436 et
1039 384 1375 453 expositione
1413 386 1542 444 illas,
1571 386 1915 455 potissimum
1953 384 2170 454 eloqua-

129 458 220 507 tur
270 455 576 519 doctrinas,
630 475 765 525 quae
812 462 854 509 1.
897 457 1209 527 religionem
1250 458 1306 510 in
1346 478 1570 530 genere,
1625 466 1653 511 2
1697 459 1942 512 ordinem
1981 477 2170 528 super-

129 528 429 581 naturalem
469 529 678 592 salutiS,
723 534 770 582 3.
812 531 1193 584 auctoritatem
1224 533 1482 586 ‘ecclesiae
1522 537 1760 587 tuentur.

278 601 340 654 [n
391 603 702 671 respectivis
755 604 1048 673 capitibus,
1108 624 1338 674 quorum
1377 608 1602 660 materia
1640 626 1734 676 per
1774 607 1954 676 plures
1992 606 2170 659 theses

129 674 338 744 Syllabi
377 676 730 746 indigitatur,
786 679 1220 732 commemoratio
1280 685 1332 733 et
1381 681 1682 734 confutatio
1741 699 2015 744 errorum,
2076 680 2170 749 qui

129 749 414 803 hodiedum
455 751 563 802 late
604 756 938 822 sparguntur
980 757 1034 805 et
1059 753 1474 821 periculosiores
1515 755 1642 819 sint,
1670 774 1766 807 sua
1805 758 1998 823 sponte
2038 772 2166 806 con-

127 823 353 877 tinetur.
398 856 463 862 —-
506 823 717 894 Dogma
769 826 913 877 enim
965 827 1028 878 de
1083 826 1194 879 Deo
1250 832 1517 891 creatore,
1567 829 1628 880 de
1676 828 2062 897 spiritualitate
2115 831 2170 882 et

127 897 537 951 immortalitate
586 898 820 962 animae,
877 919 983 951 una
1035 919 1155 952 cum
1202 902 1652 970 consequentibus
1692 901 1954 954 doctrinis
1993 920 2171 954 mora-

126 971 267 1024 libus
307 972 606 1025 necessario
649 974 793 1042 ejicit
834 974 1195 1042 convellitque
1235 974 1665 1041 Pantheismum,
1706 975 2167 1040 Materialismum,

126 1045 643 1100 Indifferentismum
683 1047 1045 1117 dogmaticum
1087 1052 1142 1100 et
1181 1049 1451 1112 moralem,
1492 1054 1653 1119 atque
1692 1049 1961 1119 principia
1990 1050 2166 1102 omnis

127 1120 240 1172 veri
282 1120 514 1190 bonique
567 1121 825 1175 defendit.
870 1153 936 1159 ——
978 1121 1247 1191 Dogmata
1300 1123 1362 1175 de
1402 1123 1514 1176 Deo
1557 1125 1852 1187 salvatore,
1892 1124 1954 1175 de
1994 1124 2169 1176 incar—

125 1194 346 1247 natione
386 1199 441 1247 et
481 1195 869 1264 Redemptione
908 1195 1127 1259 Christi,
1170 1197 1231 1248 de
1270 1197 1449 1267 gratia
1489 1202 1543 1250 et
1581 1198 1693 1251 vita
1732 1202 1950 1251 aeterna
1975 1197 2169 1250 intimo

126 1287 221 1320 suo
262 1269 450 1339 vigore
491 1270 813 1322 conculcant
838 1269 1292 1322 Rationalismum
1333 1275 1386 1324 et
1424 1290 1567 1324 mere
1594 1273 1896 1324 naturalem
1933 1271 2169 1324 hominis

126 1343 627 1396 considerationem.
671 1375 736 1382 --
780 1343 844 1396 In
885 1344 1195 1396 defensione
1234 1345 1460 1413 denique
1501 1346 1748 1399 ecclesiae
1787 1346 1945 1398 simul
1987 1364 2170 1398 omnes

126 1417 435 1481 doctrinae,
502 1436 636 1487 quae
689 1420 802 1486 ejus
848 1419 1002 1487 jura,
1057 1418 1464 1471 distinctionem
1517 1426 1570 1473 et
1622 1420 2089 1489 independentiam
2140 1439 2171 1472 a

126 1490 271 1543 civili
308 1492 590 1562 guberniO,
631 1492 1046 1562 legislationem,
1087 1493 1384 1545 animarum
1427 1494 1666 1564 regimen
1706 1494 2168 1547 etauctoritatem

126 1571 480 1628 concernunt,
522 1567 684 1619 etiam
722 1585 819 1635 per
858 1575 1042 1635 partes
1082 1567 1280 1635 exponi
1317 1572 1561 1635 possunt.

272 1639 338 1692 In
402 1641 524 1694 istis
591 1659 716 1694 vero
781 1641 941 1693 rebus
1005 1641 1305 1694 tractandis
1364 1642 1558 1695 summi
1616 1641 1875 1694 momenti
1934 1645 1987 1694 et
2043 1660 2167 1695 vere

122 1714 527 1768 necessitarium
582 1733 695 1768 esse
747 1715 1140 1778 existimamus,
1194 1721 1393 1769 rectum
1444 1734 1656 1769 servare
1703 1717 1911 1769 modum
1964 1719 2017 1769 et
2050 1717 2168 1783 jus-

124 1793 203 1841 tos
243 1788 453 1844 limites,

273 1863 424 1926 Quod
480 1865 545 1916 ad
593 1864 804 1917 modum
850 1864 1076 1926 attinet,
1131 1863 1350 1916 omnino
1402 1864 1723 1917 imitandum
1774 1883 1885 1917 esse
1938 1864 2166 1927 videtur,

131 1956 199 1991 ss,
243 1937 542 1991 Concilium
582 1939 848 2001 Trident,
892 1938 1034 2006 quod
1086 1937 1143 1989 in
1183 1938 1411 1991 decretis
1451 1939 1559 1991 suis
1608 1939 1926 1991 scientificas
1967 1939 2170 1991 formu-

131 2011 227 2075 las,
269 2018 532 2081 quantum
573 2014 691 2065 fieri
720 2012 919 2082 potuit,
963 2012 1269 2075 declinavit,
1311 2013 1611 2065 doctrinam
1639 2013 1959 2065 catholicam
1998 2013 2171 2064 verbis

131 2087 443 2154 exponendo
473 2107 504 2139 a
530 2086 915 2157 terminologia
942 2086 1315 2156 philosophica
1346 2087 1639 2156 plurimum
1666 2087 1886 2139 remotis
1914 2091 1964 2140 et
1992 2086 2171 2139 sensui

132 2161 402 2213 communi
450 2161 766 2231 perspicuis.
846 2161 924 2213 Ea
976 2164 1058 2214 est
1107 2179 1249 2212 mere
1298 2161 1558 2213 hodierno
1610 2165 1850 2230 tempore
1889 2160 2170 2213 diversitas

131 2235 494 2304 philosophici
541 2237 687 2289 modi
741 2235 1026 2305 loquendi,
1090 2239 1150 2288 ut
1211 2254 1319 2287 non
1378 2235 1560 2304 paucis
1614 2234 1861 2288 terminis
1911 2235 2050 2286 alius
2100 2235 2165 2286 ab

131 2308 251 2361 aliis
298 2328 486 2362 sensus
528 2311 830 2363 tribuatur:
884 2309 1078 2362 horum
1131 2309 1312 2377 itaque
1368 2328 1493 2361 usus
1542 2309 1600 2360 in
1638 2309 1941 2379 dogmatica
1981 2308 2169 2360 defini-

137 2383 298 2446 tione,
340 2384 602 2453 siquidem
642 2404 752 2437 non
779 2384 1025 2436 absolute
1064 2383 1231 2436 fuerit
1256 2383 1605 2445 necessariUS,
1634 2387 1746 2436 tum
1777 2382 2170 2451 objectionibus

132 2457 418 2525 superfluis
482 2460 704 2528 praebet
769 2458 1077 2521 materiam,
1155 2461 1272 2510 tum
1336 2457 1643 2509 defensores
1708 2456 1830 2508 fidei
1894 2457 2041 2526 cogit
2103 2455 2167 2507 ad

132 2531 526 2585 adhaerendum
584 2533 845 2602 peculiari
901 2533 1107 2584 formae
1165 2530 1594 2600 philosophicae,
1661 2549 1818 2600 quam
1883 2549 2000 2582 cum
2066 2530 2168 2581 fide

134 2606 398 2658 catholica
439 2607 700 2660 confundi
739 2607 967 2659 maxime
1008 2610 1090 2659 est
1128 2605 1492 2674 periculosum
1532 2610 1586 2658 et
1625 2623 1926 2657 erroneum.

280 2678 381 2733 Sed
422 2686 474 2734 et
516 2683 711 2735 limites
744 2683 923 2748 justos
963 2698 1175 2733 servare
1201 2680 1558 2731 necessarium
1598 2684 1694 2732 est.
1763 2677 1912 2731 Sicut
1953 2677 2169 2730 caritati

133 2754 454 2807 christianae
525 2775 636 2808 non
703 2756 847 2825 leges
908 2755 1096 2816 modo,
1162 2753 1253 2806 sed
1317 2757 1371 2806 et
1432 2753 1654 2805 consilia
1717 2753 2046 2815 offeruntur,
2109 2753 2168 2802 in

133 2829 325 2897 quibus
365 2829 533 2883 libero
562 2829 862 2883 voluntatis
902 2832 1054 2880 motu
1075 2831 1336 2890 versetur,
1376 2827 1454 2878 ita
1493 2831 1546 2879 et
1588 2827 1715 2879 fides
1754 2843 1865 2878 non
1895 2826 1961 2878 ad
1989 2825 2168 2878 omnia

131 2902 505 2974 adstringatur
545 2923 640 2973 per
680 2904 949 2956 declarata
988 2905 1042 2954 et
1082 2900 1307 2952 definita
1346 2900 1611 2969 dogmata,
1681 2899 1830 2952 Fidei
1869 2904 1966 2961 est,
2008 2899 2166 2951 etiam

134 2971 408 3029 catholicis
449 2978 713 3031 doctrinis
751 2977 1053 3037 adhaerere,
1096 2974 1225 3042 quin
1254 2973 1366 3026 sint
1394 2973 1687 3026 canonibus
1716 2972 2165 3041 circumscriptae.

132 3051 279 3120 Ergo
318 3070 430 3104 non
469 3053 643 3105 solum
683 3071 759 3114 ea,
802 3069 935 3120 quae
974 3049 1037 3100 ad
1079 3048 1287 3100 scholas
1328 3047 1656 3116 theologicas
1684 3047 1977 3115 pertinent,
2012 3046 2167 3099 scho-

133 3124 200 3177 lis
236 3125 637 3194 relinquantur,
675 3126 764 3178 sed
801 3125 962 3177 etiam
999 3121 1291 3185 doctrinae,
1338 3139 1471 3190 quae
1507 3140 1538 3172 a
1566 3121 1812 3173 fidelibus
1851 3121 1934 3189 pie
1973 3124 2168 3173 tenen-

134 3203 223 3251 tur
274 3203 329 3252 et
379 3201 658 3262 coluntur,
721 3200 835 3252 sine
894 3196 1047 3268 gravi
1096 3213 1254 3247 causa
1303 3194 1356 3246 in
1407 3195 1643 3246 codicem
1692 3195 2057 3264 dogmaticum
2098 3213 2166 3246 ne

133 3277 570 3416 mserffituszecie
618 3364 684 3397 ne
725 3346 1011 3398 concilium
1050 3342 1284 3394 declaret
1335 3341 1419 3392 vel
1459 3341 1683 3396 definiat
1728 3343 2167 3408 infallibilitatem

136 3418 339 3472 Summi
367 3420 667 3483 PontificiS‚
708 3438 738 3471 a
777 3416 1101 3472 doctissimis
1141 3421 1195 3468 et
1222 3415 1658 3484 prudentissimis
1683 3417 1929 3469 fidelibus
1959 3415 2010 3470 S.
2042 3414 2165 3468 Sedi

134 3493 326 3545 intime
374 3492 604 3545 addictis
643 3491 983 3546 vehementer
1035 3493 1271 3558 optatur.
1338 3487 1550 3542 ‘Gravia
1590 3492 1730 3544 enim
1784 3491 1925 3542 mala
1976 3489 2166 3542 exinde

136 3566 344 3621 oritura
392 3567 589 3623 timent
635 3570 754 3621 tum
806 3565 1050 3621 fidelibus
1090 3566 1205 3618 tum
1246 3561 1569 3618 infidelibus.
1646 3565 1852 3620 Fideles
1891 3563 2034 3618 enim
2073 3562 2166 3633 qui
