2722 4146
2189 290 2256 342 27

218 414 591 486 poenitentiam
630 416 897 473 indicaret
936 421 1280 492 semetipsum
1321 424 1379 478 in
1431 430 1733 498 exemplum
1783 450 2091 500 proponens
2133 477 2144 488 .
2190 477 2200 488 .
2247 479 2256 489 .

217 490 419 543 Verum
460 510 645 545 censeo
686 510 746 544 ea
784 511 902 562 quae
942 494 1046 564 ipsi
1085 497 1229 550 dicta
1270 503 1400 554 sunt
1439 503 1754 572 prophetice
1793 506 2024 575 probata
2064 508 2258 563 fuisse:

218 564 403 618 Simon
446 565 632 619 Simon
671 570 770 620 etc.
814 569 955 636 quod
996 573 1129 623 tunc
1169 574 1382 641 quidem
1422 576 1533 655 ipsi
1567 579 1818 649 contigit,
1872 582 2087 648 quando
2135 588 2260 652 post

214 642 586 710 negationem¹
614 659 903 694 conversus
958 647 1055 707 est,
1109 649 1163 698 et
1212 649 1415 702 multos
1469 652 1826 707 confirmavit.
1907 654 2092 708 Faciat
2131 675 2259 711 vero

215 714 462 783 precibus
500 714 651 767 Petri
691 715 995 784 benignitas
1038 718 1257 784 Christi,
1312 727 1375 776 ut
1426 725 1658 778 Romani
1709 729 1998 781 secundum
2038 729 2261 784 Petrum

213 788 279 840 ad
320 807 449 853 eam,
509 808 539 840 a
579 808 683 857 qua
723 791 1054 856 exciderunt,
1114 794 1236 846 fidei
1295 799 1677 859 rectitudinem
1729 802 1958 855 feliciter
2017 808 2261 858 conversi

214 862 521 915 humilitate
562 863 766 916 Christi
805 865 1124 935 ardentique
1165 870 1500 925 confessione
1538 876 1830 928 secundum
1869 896 2104 930 amorem
2151 881 2259 932 fer-

214 939 532 1006 ventemque
571 936 723 991 Petri
775 939 935 991 fidem
989 941 1044 992 in
1087 961 1216 1010 pace
1256 948 1311 997 et
1363 946 1626 1001 charitate
1678 950 1922 1020 bonaque
1969 953 2259 1006 orthodoxi

214 1011 437 1063 Patrum
477 1013 708 1079 symboli
749 1013 1084 1067 confessione
1124 1017 1320 1071 fratres
1360 1040 1485 1074 suos
1526 1024 1863 1077 confirment.
1944 1025 2046 1078 Sed
2067 1026 2259 1082 Petrus

212 1085 534 1153 poenitentia
575 1091 629 1139 et
667 1088 937 1155 lacrymiS,
981 1093 1042 1143 ut
1082 1091 1287 1144 dictum
1315 1098 1412 1156 est,
1455 1100 1507 1149 et
1534 1098 1681 1150 trina
1701 1116 1809 1151 suae
1835 1117 1962 1169 erga
1983 1100 2259 1155 Christum

215 1160 521 1213 dilectionis
582 1163 919 1215 confessione
978 1182 1091 1216 non
1163 1167 1339 1219 solum
1396 1168 1788 1238 Apostolorum
1848 1174 2011 1227 choro
2070 1195 2259 1230 rursus

210 1234 477 1286 adunatus
518 1239 614 1296 est,
657 1237 747 1288 sed
788 1237 950 1289 etiam
993 1243 1155 1307 caput
1182 1259 1364 1294 eorum
1392 1249 1729 1299 monstratus
1758 1252 2051 1317 pastorque
2076 1251 2258 1320 gregis

212 1308 416 1361 Christi
445 1309 549 1362 fuit
579 1310 911 1364 ordinatus.»
997 1311 1203 1384 (Migne
1235 1319 1363 1368 tom.
1397 1323 1495 1370 155
1532 1320 1650 1372 coll.
1674 1320 2256 1390 ‚Iosepl1iMethonens.

211 1382 385 1452 Epise.
467 1383 697 1453 Exposit
773 1405 892 1454 syn.
955 1387 1197 1443 Florent.
1259 1390 1321 1442 de
1373 1390 1594 1447 Primat.
1657 1394 1810 1450 Rom.
1866 1396 2068 1451 Pontis.
2129 1398 2255 1452 ibid.

211 1461 339 1511 tom.
392 1457 533 1528 159.)
1396 1506 1402 1511 .
1859 1476 1863 1480 '

361 1532 802 1599 Theoplzylael‘ets,
864 1536 1097 1606 insignis
1157 1539 1312 1591 testis
1371 1541 1686 1594 traditionis
1746 1563 1935 1613 graeca*
2004 1547 2255 1611 ecclesiae,

207 1606 397 1659 scribit
437 1608 495 1659 in
533 1606 729 1662 Matth.
771 1609 950 1664 XVI.:
998 1611 1361 1666 «Remunerat
1387 1613 1612 1667 Petrum
1639 1615 1921 1681 Dominus,
1963 1622 2257 1674 mercedem

207 1680 461 1748 illi-dans
501 1701 766 1751 magnam,
810 1686 953 1753 quod
993 1705 1157 1754 supra
1210 1705 1327 1739 eum
1384 1689 1672 1743 aedificabit
1721 1692 2032 1745 Ecclesiam.
2127 1696 2259 1758 Quia

209 1754 351 1806 enim
392 1757 668 1809 confessus
726 1763 842 1811 erat
903 1777 1020 1811 euin
1064 1760 1163 1812 Dei
1223 1761 1422 1815 Filium
1462 1763 1675 1828 Petrus,
1732 1767 1885 1829 dixit,
1948 1769 2088 1837 quod
2145 1770 2257 1822 haec

209 1829 493 1892 confessio,
537 1851 694 1900 quam
736 1833 1013 1886 confessus
1062 1838 1160 1898 est,
1213 1836 1623 1891 fundamentum
1678 1841 1782 1893 erit
1838 1842 2083 1895 futurum
2144 1862 2256 1897 cre-

206 1904 465 1966 dentium,
508 1906 584 1958 ita
625 1910 685 1959 ut
727 1908 902 1960 omnis
942 1909 1103 1961 homo
1146 1914 1521 1965 exstructurus
1563 1915 1688 1967 fidei
1729 1915 1962 1981 domum,
2004 1916 2106 1970 hoc
2140 1921 2255 1988 jac-

207 1982 361 2031 tui-us
403 1979 476 2032 sit
515 1980 641 2032 fidei
681 1982 1145 2036 fundamentum.»

354 2053 429 2106 Et
468 2055 567 2107 tibi
608 2055 740 2108 dabo
780 2057 947 2110 claves
991 2104 999 2112 .
1047 2102 1055 2111 .
1102 2103 1109 2111 .
1154 2059 1370 2113 Habent
1411 2062 1552 2113 enini
1594 2067 1921 2131 potestatem
1942 2067 2253 2121 remittendi

204 2131 257 2179 et
297 2128 505 2198 ligandi
546 2130 655 2198 qui,
699 2131 838 2183 sicut
884 2133 1089 2194 Petrus,
1140 2133 1502 2202 Episcopatus
1543 2138 1776 2207 gratiam
1833 2141 2065 2193 assecuti
2106 2146 2247 2196 sunt.

204 2202 456 2263 Quamvis
499 2207 678 2255 autem
718 2205 880 2258 Petro
927 2207 1029 2258 soli
1071 2207 1276 2258 dictum
1316 2209 1415 2260 sit:
1459 2212 1591 2263 dabo
1633 2213 1743 2278 tibi,
1789 2215 2034 2267 omnibus
2073 2218 2253 2268 tamen

203 2281 257 2329 et
316 2275 597 2345 Apostolis
659 2298 920 2331 concessae
980 2285 1122 2334 sunt.
1230 2281 1492 2343 Quando?
1594 2286 1723 2337 Cum
1783 2288 1951 2340 dixit:
2017 2289 2252 2354 Quorum

202 2352 519 2403 ‘remiseritis
549 2358 770 2417 peccata
813 2398 822 2406 .
869 2398 877 2407 .
924 2398 933 2407 .
990 2354 1207 2406 Etenim
1249 2373 1368 2407 cum
1409 2357 1572 2410 dixit:
1627 2361 1773 2424 dabo,
1826 2361 2075 2415 futurum
2114 2368 2250 2417 tem-

204 2443 303 2493 pus
345 2426 544 2495 signat,
586 2426 689 2478 hoc
729 2431 809 2480 est
851 2431 975 2495 post
1016 2430 1535 2483 resurrectionem»:
1578 2433 1609 2486 i.
1653 2453 1694 2486 6.
1738 2436 2030 2488 secundum
2074 2438 2250 2491 Theo-

204 2499 517 2567 phylactum
558 2501 700 2568 quod
740 2501 903 2554 Petro
944 2503 1268 2570 promissum
1309 2507 1389 2556 est
1428 2504 1626 2560 Matth.
1655 2508 1821 2574 XVI„
1861 2510 2140 2580 impletum
2171 2517 2251 2566 est

203 2573 356 2626 Joan
402 2573 565 2636 XXI„
609 2576 821 2644 quando
862 2576 940 2628 ait
980 2577 1229 2630 Christus
1269 2579 1334 2630 ad
1374 2579 1682 2634 duodecim:
1731 2582 1883 2637 Sicut
1935 2587 2083 2639 misit
2125 2628 2136 2639 .
2182 2628 2192 2638 .
2238 2632 2247 2641 .

206 2648 430 2713 accipite
469 2647 738 2714 Spiritum
781 2695 789 2704 .
837 2693 845 2701 .
895 2695 903 2703 .
947 2668 1172 2717 quorum
1211 2655 1530 2708 remiseritis
1572 2701 1579 2709 .
1625 2699 1635 2709 .
1682 2702 1690 2710 .

351 2723 498 2775 Idem
538 2723 979 2793 Theophylactus
1020 2726 1078 2777 in
1120 2726 1244 2779 Luc,
1289 2732 1400 2779 ⁶22.:
1444 2728 1561 2796 Eyo
1582 2733 1768 2799 roycevi
1799 2749 1901 2799 pro
1943 2738 2005 2798 te,
2047 2739 2106 2788 ut
2150 2753 2249 2788 non

205 2797 417 2862 deficiat
452 2798 586 2863 fides
629 2803 752 2850 tusc:
817 2800 1103 2862 «Quamvis
1163 2802 1306 2853 enim
1364 2803 1513 2855 brevi
1571 2809 1815 2874 tempore
1862 2809 2250 2862 concutiendus

205 2871 294 2934 sis,
334 2871 498 2924 habes
538 2876 720 2925 tamen
759 2875 1039 2926 recondita
1079 2876 1284 2928 semina
1323 2877 1463 2941 fidei,
1505 2883 1567 2932 ut
1606 2880 1812 2934 etiamsi
1841 2882 1974 2934 folia
1994 2883 2251 2952 abjecerit

203 2945 426 3013 spiritus
465 2946 790 3011 invadentis,
830 2949 984 3000 radix
1023 2952 1204 3014 tamen
1244 2951 1406 3015 vivet,
1460 2956 1513 3005 et
1551 2973 1662 3006 non
1704 2955 1916 3008 deficiet
1954 2956 2084 3009 fides
2137 2960 2244 3010 tua.

208 3019 289 3072 Tu
327 3038 444 3072 vero
483 3038 757 3074 con-versus
797 3025 1044 3090 confirma
1079 3025 1282 3089 fratres
1321 3031 1454 3078 tuos.
1533 3027 1668 3089 Quia
1709 3032 1760 3081 te
1799 3029 1968 3082 habeo
2010 3034 2073 3084 ut
2093 3031 2246 3100 prin-

207 3093 378 3162 cipem
416 3095 818 3165 discipulorum,
874 3102 1161 3167 postquam
1214 3103 1410 3170 negato
1470 3119 1551 3153 1116
1604 3102 1813 3155 fleveris
1865 3107 1919 3157 et
1958 3104 2024 3156 ad
2077 3106 2248 3173 poeni-

207 3168 434 3220 tentiam
473 3171 698 3234 veneriS,
742 3173 1002 3224 confirma
1043 3177 1279 3226 caeteros.
1358 3173 1478 3226 Hoc
1516 3176 1657 3228 enim
1686 3180 1739 3230 te
1779 3177 1946 3243 decet,
1989 3179 2081 3247 qui
2123 3184 2248 3248 post

208 3258 291 3294 me
329 3241 581 3296 Ecclesiae
621 3249 775 3315 petra
817 3265 868 3298 es
912 3251 965 3299 et
1004 3248 1456 3301 firmamentum.»
2207 3266 2210 3269 ·

355 3315 501 3368 Idem
539 3318 599 3371 in
638 3319 778 3372 Joan
839 3326 954 3374 21.:
997 3322 1171 3375 Pasce
1211 3340 1374 3388 aqnos
1416 3367 1424 3376 .
1470 3367 1480 3376 .
1527 3368 1535 3376 .
1583 3325 1792 3388 «Quum
1831 3327 2047 3394 prandii
2086 3329 2246 3380 finem

207 3388 437 3454 fecisset,
479 3392 649 3446 totius
690 3395 837 3448 orbis
878 3396 1058 3449 ovium
1117 3397 1494 3465 praefecturam
1544 3397 1707 3453 Petro
1762 3401 2075 3467 committit,
2135 3422 2245 3454 non

207 3466 387 3516 autem
426 3465 538 3529 alii,
578 3468 669 3519 sed
709 3468 834 3522 huic
872 3470 1057 3524 tradit.
1135 3470 1375 3524 Primum
1414 3471 1645 3540 quidem,
1696 3475 1822 3544 quia
1875 3493 2058 3528 omnes
2106 3495 2245 3544 prae-

209 3537 434 3592 cellebat
474 3543 528 3592 et
566 3542 738 3594 totius
779 3547 946 3596 coetus
986 3563 1045 3597 os
1084 3548 1214 3597 erat.
1293 3544 1502 3598 Deinde
1523 3549 1811 3602 ostendens
1833 3549 1954 3618 ipsi,
1996 3550 2245 3602 fiduciam

208 3629 320 3664 esse
360 3615 686 3679 sumendam,
727 3618 1016 3688 negatione
1055 3619 1204 3671 velut
1255 3619 1430 3672 deleta
1483 3625 1539 3674 et
1595 3623 1857 3676 oblivioni
1917 3623 2131 3687 tradita,
2191 3629 2244 3677 et

208 3685 554 3760 negationem
591 3689 805 3761 quidem
843 3711 952 3747 non
1009 3693 1304 3766 exprobrat
1342 3711 1513 3767 neque
1551 3697 1779 3768 profert,
1837 3697 1926 3754 sed
1977 3697 2138 3754 dicit:
2199 3698 2244 3754 si
