2612 4062
419 293 527 342 258

2020 357 2044 384 Ι

417 441 495 510 G.
535 440 948 531 Vorstellung
997 464 1209 532 gegen
1253 441 1355 511 die
1400 443 1701 513 revidirte
1743 443 2466 539 Geschafts-Ordnung.

595 615 681 668 Ad
722 615 1194 670 Eminentissimos
1235 615 1544 670 Cardinales
1583 637 1652 671 ss,
1695 618 1923 672 Concilii
1964 619 2290 672 oecumenici

1003 686 1012 729 Ι
1146 705 1400 760 Vaticani
1439 707 1732 761 Praesides.

418 852 928 906 Animadversiones
971 858 1165 908 contra
1204 855 1479 909 decretum
1517 856 1602 909 die
1643 861 1728 911 20.
1759 856 2014 910 Februar.
2060 861 2199 910 1870
2243 858 2462 912 editum.

775 1003 1340 1057 Eminentissimi
1381 1005 1648 1058 Patres!

573 1124 752 1176 Liceat
804 1122 961 1175 nobis
1012 1125 1140 1175 ante
1192 1126 1540 1191 conspectum
1578 1122 1835 1175 Vestrum
1889 1124 2081 1176 sistere
2131 1124 2467 1177 animadver-

419 1198 625 1262 sioneS,
676 1216 813 1268 quae
863 1197 1033 1250 menti
1087 1197 1485 1265 permultorum
1536 1216 1599 1249 ex
1649 1196 1854 1250 Sacros,
1937 1198 2164 1251 Concilii
2214 1198 2467 1252 Vaticani

419 1273 672 1326 Patribus
713 1275 1067 1325 occurrerunt
1109 1271 1248 1324 circa
1287 1273 1503 1342 regulas
1532 1272 1803 1324 recentius
1845 1272 1927 1324 die
1967 1273 2171 1325 scilicet
2199 1277 2284 1325 20.
2314 1273 2466 1326 Febr.

430 1352 570 1400 1870
612 1348 782 1401 editas
822 1346 889 1398 ad
929 1346 1241 1416 dirigendos
1281 1346 1442 1415 hujus
1484 1346 1699 1399 concilii
1738 1351 1906 1399 actus.

566 1423 639 1475 Et
677 1422 912 1491 primum
954 1421 1170 1490 quidem
1208 1421 1263 1472 in
1305 1421 1519 1474 actione
1560 1421 1839 1473 conciliari
1880 1440 2088 1490 semper
2128 1441 2256 1491 prae
2297 1422 2468 1474 oculis

420 1497 725 1549 habendum
778 1497 895 1548 fore
936 1495 1091 1547 nobis
1134 1495 1373 1558 videtur,
1416 1495 1560 1564 quod
1599 1495 1657 1547 in
1697 1496 1898 1549 decreti
1938 1497 2179 1565 proemio
2221 1515 2468 1565 expresse

419 1572 659 1640 positum
710 1575 816 1624 est:
872 1589 984 1622 eam
1026 1570 1234 1622 scilicet
1273 1568 1325 1623 S.
1367 1569 1651 1623 Pontificis
1691 1574 1925 1623 mentem
1965 1571 2160 1634 fuisse,
2214 1575 2274 1624 ut
2314 1571 2469 1623 datae

418 1647 636 1717 regulae
676 1646 751 1698 sic
790 1645 1087 1714 prudenter
1123 1648 1175 1697 et
1202 1644 1476 1696 moderate
1502 1644 1923 1713 applicarentur,
1963 1649 2228 1714 quatenus
2256 1645 2470 1715 integra

419 1725 724 1773 servaretur
764 1719 1160 1772 discussionum
1199 1719 1442 1782 libertas,
1489 1737 1658 1787 «quae
1684 1718 1992 1771 Catholicae
2031 1720 2298 1772 Ecclesiae
2339 1719 2470 1788 Epi-

420 1814 611 1864 scopos
651 1795 855 1857 decet»,
898 1794 1005 1846 imo
1046 1811 1181 1862 quae
1221 1794 1515 1846 necessaria
1556 1793 1777 1846 omnino
1818 1797 1915 1846 est.

567 1868 979 1921 Animadversio
1033 1886 1159 1920 vero
1199 1867 1496 1938 generaliS,
1552 1886 1688 1936 quae
1727 1869 1913 1920 statim
1953 1868 2162 1920 animos
2203 1868 2466 1936 percellit,

419 1944 545 1996 dum
584 1944 858 2013 praefatae
899 1942 1257 2013 perleguntur
1283 1942 1517 2012 regulae,
1559 1942 1687 1994 haec
1726 1946 1832 1995 est:
1874 1943 2018 2011 quod
2057 1943 2181 1994 illae
2219 1942 2470 1994 videlicet

422 2019 638 2089 regulae
685 2017 994 2087 hujusmodi
1044 2017 1184 2081 sint,
1245 2022 1308 2070 ut
1358 2016 1415 2068 in
1474 2017 1721 2085 pluribus
1780 2016 2002 2070 Patrum
2062 2017 2284 2069 libertas
2343 2017 2468 2068 inde

421 2093 608 2154 minui,
650 2092 758 2145 imo
800 2092 961 2145 etiam
1003 2091 1126 2144 tolli
1167 2110 1322 2160 posse
1360 2091 1621 2144 videatur.

569 2167 686 2219 Hoc
738 2186 902 2236 porro
952 2169 1216 2235 quantum
1265 2184 1393 2235 prae
1443 2183 1498 2218 se
1551 2165 1693 2219 fera-t
1740 2165 1965 2234 periculi
2017 2184 2174 2218 nemo
2216 2168 2324 2228 est,
2378 2165 2471 2234 qui

423 2261 534 2295 non
585 2242 812 2294 viderit:
870 2245 926 2294 et
978 2240 1023 2293 si
1089 2241 1262 2304 forte,
1326 2241 1395 2292 ob
1446 2240 1592 2308 pacis
1646 2241 1875 2304 bonum,
1926 2240 1983 2292 in
2037 2241 2195 2292 rebus
2248 2239 2471 2291 minoris

422 2316 711 2380 momenti,
765 2321 830 2369 ut
868 2316 926 2368 in
964 2315 1210 2368 articulis
1251 2318 1427 2377 sextO,
1490 2314 1694 2367 decimo
1735 2319 1788 2368 et
1830 2314 2148 2383 quibusdam
2187 2314 2328 2378 aliis,
2371 2313 2470 2366 hoc

422 2391 667 2460 permitti
708 2390 898 2460 possit,
954 2408 1048 2459 spe
1089 2390 1273 2442 habita
1311 2390 1428 2442 fore
1469 2393 1529 2442 ut
1568 2389 1707 2442 datis
1748 2389 1852 2441 sibi
1892 2389 2242 2442 facultatibus
2283 2406 2467 2440 omnes

423 2485 485 2518 ex
525 2484 694 2534 aequo
735 2469 791 2518 et
827 2466 971 2518 bono
995 2464 1163 2518 ,usuri
1203 2464 1329 2528 sint,
1373 2463 1430 2515 in
1469 2463 1535 2516 iis
1562 2467 1761 2528 tamen,
1804 2483 1938 2532 quae
1965 2464 2185 2534 majoris
2211 2462 2471 2515 momenti

424 2543 580 2604 sunt,
639 2539 925 2608 praecipue
977 2539 1067 2590 ubi
1126 2543 1318 2608 agetur
1371 2537 1435 2588 de
1490 2538 1715 2590 decretis
1765 2538 1904 2590 circa
1951 2539 2109 2590 fidem
2160 2536 2467 2599 condendiS,

423 2633 558 2683 quae
598 2633 758 2683 super
800 2613 996 2676 omnia,
1040 2616 1094 2665 et
1120 2613 1314 2664 merito
1343 2611 1572 2682 quidem,
1614 2612 1907 2680 plurimum
1935 2616 2154 2664 movent
2194 2611 2470 2663 conscien-

424 2689 571 2752 tiam,
607 2689 789 2740 nullus
827 2692 970 2740 certe
1008 2705 1071 2738 ex
1101 2686 1272 2750 nobis,
1315 2686 1407 2755 qui
1446 2686 1501 2736 in
1543 2703 1598 2737 re
1623 2690 1735 2738 tam
1760 2686 1915 2755 gravi
1937 2690 2152 2739 tantum
2178 2685 2467 2737 discrimen

391 2764 696 2817 -incurrere
735 2762 914 2815 vellet.

572 2837 931 2890 Deveniamus
971 2854 1118 2889 nunc
1156 2835 1222 2887 ad
1261 2834 1749 2888 animadversiones
1790 2834 2100 2903 peculiares.

1426 2999 1469 3052 Ι.

575 3118 815 3172 Numero
879 3119 944 3173 1.ο
1023 3118 1096 3173 Co
1068 3120 1257 3188 onyrui
1319 3119 1579 3227 temporis
1642 3115 1900 3187 praefixio
1958 3135 1990 3169 a
2047 3115 2466 3186 praesidentium

421 3193 622 3261 judicio
665 3194 885 3246 omnino
924 3195 1140 3262 pendet.

576 3267 709 3320 Esto
749 3268 893 3338 quod
932 3268 986 3320 id
1026 3269 1082 3320 in
1123 3268 1281 3321 rebus
1319 3268 1539 3321 levioris
1578 3265 1837 3319 momenti
1876 3269 1931 3319 et
1969 3265 2140 3318 facilis
2176 3263 2463 3317 solutionis

429 3359 618 3409 parum
665 3342 859 3395 habeat
897 3342 1251 3407 incommodi,
1305 3342 1397 3395 sed
1435 3340 1641 3396 moveri
1678 3344 1909 3409 possunt
1947 3333 2081 3392 tales
2121 3338 2463 3408 quaestiones

429 3414 790 3486 dogmaticae,
844 3435 979 3485 quae
1029 3417 1174 3471 tanti
1219 3416 1478 3470 momenti
1520 3416 1658 3479 sint,
1705 3418 1992 3484 tantaeque
2031 3413 2192 3466 simul
2231 3412 2463 3465 difficul-

429 3489 591 3552 tatis,
652 3493 708 3542 et
763 3489 822 3541 in
880 3491 1074 3558 quibus
1130 3490 1424 3544 enodandis
1470 3494 1582 3544 tam
1633 3488 1782 3541 varia
1832 3493 2048 3558 tamque
2102 3486 2271 3539 ardua
2323 3486 2463 3539 circa

429 3563 729 3633 scripturas
767 3581 963 3628 sacras,
1003 3584 1071 3618 ss.
1114 3565 1330 3630 PatreS‚
1383 3564 1666 3618 historiam
1702 3561 2158 3625 Ecclesiasticam‚
2209 3559 2462 3624 Concilio„

431 3635 971 3706 Constitutionesque
1022 3638 1366 3702 PontificiaS,
1418 3638 1599 3692 studia
1645 3637 1943 3691 necessaria
1992 3636 2132 3698 sint,
2185 3638 2249 3688 ut
2302 3632 2460 3687 nimis

431 3711 792 3780 periculosum
830 3710 974 3764 foret
1010 3713 1234 3767 arctiori
1272 3729 1523 3767 mensura
1560 3717 1770 3782 tempus
1797 3711 2020 3765 Patrum
2056 3675 2460 3763 deliberationi-
