2638 4074
2153 231 2258 331 ⁴115⁸

124 420 129 426 ’
223 419 336 477 eius
377 419 700 494 propositiO,
743 436 901 493 quam
940 421 1082 477 'idem
1121 419 1401 490 Nicolaus,
1441 419 1650 496 adjecta
1688 423 2261 479 excommunicationis

223 517 400 568 poena
424 499 483 550 in
512 502 703 551 contra
724 498 1147 552 determinantes
1168 501 1404 569 jusserat
1429 499 1485 552 in
1516 500 1716 553 scholis
1742 499 1902 564 tradi,
1942 517 2056 552 non
2095 500 2263 554 fuerit

225 573 478 625 damnata
515 591 545 624 a
571 571 783 624 Joanne
810 571 981 624 XXII.
1022 577 1084 626 ut
1123 592 1346 627 erronea
1383 577 1437 627 et
1474 574 1743 627 haeretica.
1821 573 2060 628 Joannes
2086 573 2260 627 XXII.

226 645 479 714 (Constit.
528 646 665 712 Quia
707 648 1085 716 quorundam),
1130 667 1292 718 agens
1334 649 1396 700 de
1438 647 1878 702 Constitutione:
1931 647 2115 714 Exiit,
2171 649 2265 715 qui

223 723 462 784 seminat,
505 720 668 773 dicit:
711 720 863 783 Quod
904 741 1059 774 usum
1086 723 1248 775 talem
1274 741 1384 776 non
1405 724 1614 792 justum
1636 722 1954 792 (simplicem
1980 727 2035 776 et
2060 723 2264 775 nudum

224 814 377 847 usum
417 795 565 858 facti,
606 795 807 864 absque
840 797 962 864 jure
1000 797 1208 866 utendi)
1250 797 1496 850 conditor
1537 797 1758 850 canonis
1798 797 2062 850 fratribus
2098 797 2264 850 intel-

225 868 419 921 lexerit
457 887 745 932 reservare‚
786 871 1065 938 probabile
1104 890 1216 924 non
1241 871 1510 924 videtur.»
1590 871 1738 942 Ergo
1778 891 1890 924 non
1927 875 2092 941 negat
2119 871 2264 924 Pon—

226 943 361 996 tifex
401 942 821 1011 possibilitatem
859 945 1076 1009 erroris,
1117 945 1207 997 sed
1248 949 1465 998 tantum
1504 945 1652 1010 dicit,
1694 964 1807 998 rem
1841 950 1954 999 tam
1979 946 2265 998 manifeste

226 1018 418 1069 falsam
469 1021 525 1069 et
573 1017 834 1087 injustam
884 1019 1138 1073 statuisse
1189 1018 1476 1071 Nicolaum
1532 1039 1642 1073 non
1701 1039 1813 1073 esse
1871 1020 2151 1089 probabile
2210 1023 2265 1072 et

226 1091 424 1144 nititur
464 1091 619 1143 illum
658 1091 961 1157 defendere,
1004 1093 1220 1162 eiusque
1247 1093 1710 1147 Constitutionem
1748 1094 1807 1146 in
1832 1095 2030 1147 bonam
2056 1098 2267 1163 partem

230 1165 597 1234 interpretari.

375 1240 448 1293 Et
489 1244 680 1293 contra
719 1239 973 1304 Minores,
1016 1241 1108 1310 qui
1147 1241 1375 1295 <Ioannis
1402 1242 1574 1294 XXII.
1617 1242 1871 1295 decretali
1911 1241 2126 1295 Nicolai
2165 1241 2262 1295 IV.

229 1315 546 1367 decretalem
586 1315 746 1367 Exiit
807 1316 1160 1385 objiciebant,
1220 1316 1502 1385 ipsumque
1549 1315 1815 1369 Joannem
1854 1316 2028 1369 XXII.
2082 1320 2268 1385 aperte
2351 1339 2354 1342 ·

230 1389 543 1441 haereticum
581 1390 962 1454 inclamabant,
1025 1391 1167 1459 quod
1208 1391 1319 1454 illa,
1373 1409 1490 1461 quae
1540 1409 1636 1459 per
1685 1392 1883 1444 clavem
1935 1392 2175 1444 scientiae
2212 1392 2266 1442 in

231 1464 333 1515 fide
372 1482 432 1515 ac
472 1464 712 1517 moribus
752 1484 782 1516 a
822 1464 1043 1517 summis
1072 1465 1427 1517 Pontificibus
1468 1466 1629 1518 semel
1669 1466 1890 1518 definita
1929 1470 2074 1529 sunt,
2107 1463 2267 1531 (allu-

231 1538 367 1590 dunt
407 1538 471 1589 ad
512 1539 831 1591 decretalem
872 1539 1031 1591 Exiit
1069 1538 1323 1604 Nicolai),
1366 1557 1551 1592 eorum
1591 1539 1986 1592 successoribus
2019 1556 2270 1591 revocare

231 1631 343 1664 non
382 1612 509 1665 licet
548 1613 606 1664 in
646 1613 883 1670 dubium,
926 1615 1003 1666 ita
1043 1632 1156 1665 sese
1197 1613 1439 1666 defendit
1465 1612 1705 1667 Joanne's
1732 1613 1890 1666 XXII
1927 1614 1985 1665 in
2013 1611 2269 1665 decretali

236 1686 374 1752 Quia
413 1689 771 1753 qzcorzmdam:
816 1688 1047 1740 «Procul
1087 1687 1249 1739 dubio
1277 1687 1411 1740 falsa
1450 1692 1702 1741 asserunt
1731 1688 2015 1756 (Minores)
2045 1687 2269 1739 dicendo

231 1761 647 1829 praedecessores
675 1766 893 1814 nostros
934 1762 1239 1814 definivisse
1279 1762 1414 1814 talia
1453 1765 1515 1815 ut
1554 1763 1799 1831 superius
1840 1766 1924 1814 est
1961 1762 2269 1830 probatum,

234 1839 288 1888 et
327 1835 500 1887 adhuc
540 1836 615 1888 sic
652 1837 954 1905 loquenteS,
996 1837 1122 1889 dum
1162 1855 1255 1905 per
1294 1835 1425 1888 talia
1453 1838 1872 1890 constitutiones
1913 1840 2129 1888 nostras
2170 1835 2272 1886 im-

231 1928 475 1979 pugnare
515 1915 787 1980 satagunt,
831 1911 1253 1964 constitutiones
1293 1910 1430 1974 illas,
1473 1910 1664 1979 quibus
1692 1929 1746 1964 se
1773 1911 2048 1980 adjuvant,
2091 1914 2273 1962 osten-

233 1984 368 2036 dunt
409 1983 477 2049 (si
518 2003 700 2037 earum
739 1986 887 2038 falsae
926 1985 1251 2038 assertiones
1291 2003 1431 2037 verae
1470 1985 1783 2054 existerent)
1833 1986 1950 2037 fore
1989 1983 2271 2047 invalidaS,

237 2077 488 2110 erroneas
529 2063 582 2111 et
622 2059 881 2112 infirmas.
962 2059 1017 2112 Si
1058 2059 1202 2111 enim
1240 2059 1395 2111 nobis
1435 2078 1547 2111 non
1587 2060 1742 2112 licuit
1783 2063 1973 2111 contra
2003 2058 2271 2111 constitu-

236 2133 442 2185 tionem
482 2132 716 2186 Nicolaii
754 2134 825 2186 II.
867 2134 1073 2202 aliquid
1114 2137 1354 2186 statuere
1382 2152 1674 2198 commune,
1717 2152 1816 2186 nec
1855 2133 1957 2185 sibi
1999 2131 2272 2199 (Nicolao)

235 2207 393 2260 licuit
421 2211 611 2260 contra
639 2212 844 2261 statuta
866 2208 1134 2278 Gregorii,
1157 2207 1479 2271 Innocentii,
1508 2206 1804 2260 Alexandri
1825 2207 2277 2277 praedecessorum

237 2285 493 2345 statuere,
534 2286 629 2334 aut
667 2283 874 2351 aliquid
903 2283 1189 2343 declarare,
1232 2282 1376 2351 quod
1403 2287 1581 2335 tamen
1610 2282 1787 2351 ipsum
1815 2281 2017 2345 fecisse,
2062 2279 2274 2346 (secun-

234 2355 360 2407 dum
400 2375 585 2408 eorum
623 2357 995 2426 assertionem)
1037 2357 1280 2409 noscitur
1307 2357 1633 2409 evidenter.»
1697 2355 1782 2409 Ita
1820 2355 2083 2418 Joannes3
2124 2353 2279 2422 atqui

235 2429 288 2482 id
330 2431 474 2498 quod
502 2430 739 2484 Minores
781 2432 1058 2484 dicebant:
1100 2430 1367 2483 Joannem
1393 2429 1565 2482 XXII.
1609 2430 1923 2499 oppositum
1949 2428 2271 2490 definivisse,

238 2523 398 2573 quam
439 2505 724 2558 definierat
762 2505 1018 2558 Nicolaus
1058 2504 1152 2559 IV.
1196 2505 1254 2556 in
1294 2504 1548 2557 decretali
1587 2503 1773 2568 Exiit,
1822 2522 2009 2556 verum
2049 2506 2158 2566 est,
2212 2505 2276 2554 ut

239 2597 302 2630 ex
340 2579 678 2648 inspectione
717 2580 1082 2633 Decretalium
1121 2582 1288 2648 patet,
1331 2582 1386 2631 et
1425 2579 1600 2647 quoad
1639 2578 1717 2630 rei
1764 2577 2126 2631 substantiam
2164 2576 2279 2644 ipse

239 2652 600 2706 Bellarminus
651 2655 873 2708 fatetur.
952 2654 1100 2724 Ergo
1149 2653 1311 2706 etiam
1362 2671 1426 2705 ex
1473 2653 1591 2721 ipsa
1641 2652 1974 2706 confessione
2013 2650 2279 2719 implicita

239 2726 466 2781 <Ioannis
492 2728 666 2781 XXII.
709 2729 971 2798 sequitur,
1015 2727 1385 2780 definitionem
1413 2726 1625 2779 Nicolai
1651 2731 1772 2780 toto
1801 2726 2050 2796 pendere.
2130 2723 2276 2792 Ergo

239 2802 549 2870 apostolicae
588 2803 933 2856 auctoritatis
974 2803 1195 2865 editam,
1254 2802 1460 2871 adjecta
1510 2819 1667 2870 poena
1708 2797 2278 2853 excommunicationis

239 2876 296 2927 in
338 2880 529 2930 contra
567 2878 1012 2941 determinanteS,
1066 2877 1271 2946 jussam
1310 2875 1454 2928 tradi
1507 2875 1721 2943 publice
1761 2875 1820 2925 in
1877 2872 2103 2936 scholis,
2163 2871 2279 2923 sine

243 2949 456 3020 glossis,
498 2970 608 3005 esse
647 2953 955 3015 invalidam,
999 2968 1291 3013 erroneam,
1334 2949 1620 3002 infirmam.

389 3025 584 3079 Postea
612 3027 746 3080 dicit
771 3026 807 3080 J
810 3044 1009 3079 oannes
1036 3023 1210 3076 XXII.
1254 3023 1311 3075 in
1340 3024 1521 3075 eadem
1548 3020 1837 3085 Decretali,
1881 3037 2086 3088 semper
2113 3036 2278 3088 agens

246 3103 436 3152 contra
477 3099 747 3154 Minores:
792 3098 1289 3153 «Constitutionem
1328 3096 1542 3149 Nicolai
1581 3095 1676 3147 IV.
1719 3113 1831 3146 non
1873 3094 2040 3146 fuisse
2080 3093 2280 3145 editam

244 3172 303 3225 in
353 3172 596 3228 Concilio
648 3175 941 3245 generali»,
1005 3172 1146 3241 quod
1206 3172 1343 3223 idem
1384 3175 1464 3223 est
1505 3188 1565 3221 ac
1624 3169 1826 3227 dicere,
1886 3187 2007 3221 cum
2062 3170 2281 3220 tantum

246 3247 458 3300 decreta
510 3249 738 3302 Concilii
795 3248 1060 3319 generalis
1118 3245 1230 3298 sint
1287 3243 1726 3306 irretractabilia,
1793 3241 2131 3295 Decretalem
2181 3239 2280 3292 Ni-

248 3321 384 3373 colai
409 3322 524 3385 IV.,
566 3323 692 3391 quia
730 3323 874 3376 edita
913 3323 1028 3376 sola
1067 3323 1266 3373 sanctae
1292 3318 1429 3371 sedis
1468 3320 1738 3386 potestate
1778 3317 1978 3386 absque
2018 3314 2278 3384 suffragio

248 3398 302 3447 et
339 3396 667 3449 auctoritate
694 3398 910 3449 concilii
936 3393 1219 3467 generaliS,
1247 3410 1402 3461 posse
1428 3411 1459 3443 a
1486 3390 1880 3443 successoribus
1908 3390 2062 3443 Rom.
2085 3387 2279 3441 Ponti-

250 3468 438 3520 ficibus
465 3470 765 3522 retractari.
807 3470 1002 3524 Postea
1030 3467 1377 3538 prosequitur
1403 3464 1438 3517 J
1441 3483 1640 3518 oannes
1668 3467 1724 3517 et
1748 3464 1896 3529 dicit,
1928 3463 2281 3533 quaestionem

250 3542 411 3595 istam
469 3562 581 3595 non
639 3547 879 3612 spectare
917 3545 983 3596 ad
1042 3541 1215 3604 fidem,
1277 3543 1329 3592 et
1385 3538 1491 3591 ait:
1557 3539 1824 3592 Praeterea
1881 3538 2065 3606 dicant
2122 3533 2280 3587 nobis

252 3614 554 3686 (Minores),
595 3617 688 3669 ubi
727 3618 919 3688 legunt
956 3614 1281 3670 assertiones
1320 3612 1659 3682 hujusmodi,
1712 3612 1854 3682 quod
1893 3612 1960 3663 ad
1998 3609 2157 3662 fidem
2194 3606 2280 3660 vel

246 3707 425 3744 mores
481 3691 784 3761 pertineat,
844 3691 1119 3745 Christum
1157 3692 1212 3741 et
1249 3686 1546 3756 Apostolos
1601 3704 1713 3740 non
1764 3685 2012 3738 habuisse
2066 3683 2128 3735 in
2177 3681 2280 3747 his,

1928 3771 1984 3816 8*
