2722 4146
493 335 583 414 80

491 527 675 579 regem
712 509 1026 578 profitetur,
1068 503 1250 560 omnia
1271 504 1516 560 Concilia
1555 511 1611 562 et
1637 507 1938 562 Concilium
1966 506 2393 574 Constantiense,
2428 509 2540 580 ejus

491 583 794 636 decretum:
846 583 1122 649 Frequens
1172 599 1233 633 ac
1285 581 1391 634 alia
1431 584 1546 652 ejus
1598 583 1813 638 decreta
1852 602 1908 638 se
1947 584 2232 654 suscipere,
2282 586 2538 656 amplecti

488 658 754 721 venerari,
794 662 856 710 ut
897 660 1117 709 caeteros
1156 659 1523 710 antecessores
1565 676 1706 711 suos

639 731 906 785 Praeterea
944 731 1059 800 ipse
1099 730 1230 783 Pius
1270 729 1340 783 II.
1382 731 1667 784 manifeste
1707 732 2000 801 profitetur
2050 733 2107 784 in
2149 733 2297 784 bulla
2334 736 2539 786 retrac-

493 806 721 860 tationis
774 806 958 858 Romae
1009 823 1152 857 anno
1207 808 1377 858 1463:
1435 824 1525 858 «se
1564 806 1834 876 generalis
1875 805 2104 859 Concilii
2154 807 2541 861 auctoritatem

492 885 547 934 et
603 883 930 949 potestatem
971 879 1270 948 complecti,
1341 879 1802 949 quemadmodum,
1861 881 1954 944 ait,
2017 897 2126 934 aevo
2167 885 2358 934 nostro
2400 880 2540 934 Con-

490 955 722 1017 stantiae,
752 955 878 1006 dum
905 953 982 1007 ibi
1010 953 1117 1006 fuit
1144 952 1396 1023 Synodus
1423 954 1763 1018 universalis,
1793 954 2123 1008 declaratum
2156 955 2542 1026 definitumque

493 1033 591 1082 est.
672 1028 1008 1082 Veneramur
1048 1028 1193 1080 enim
1234 1028 1650 1082 Constantiense
1691 1029 2041 1082 Concilium.»

639 1103 712 1156 Et
772 1102 1046 1156 Martinus
1104 1101 1170 1156 V.
1229 1104 1386 1172 jubet
1444 1104 1788 1173 interrogare
1847 1108 2156 1173 suspectum
2213 1104 2276 1156 de
2334 1105 2540 1168 haeresi,

493 1181 680 1231 utrum
740 1178 951 1242 credat,
1011 1181 1198 1230 teneat
1269 1181 1324 1231 et
1381 1182 1615 1242 asserat,
1683 1178 1827 1247 quod
1894 1178 2172 1247 quodlibet
2241 1178 2542 1231 Concilium

489 1252 770 1322 generale,
847 1256 900 1306 et
971 1252 1134 1306 etiam
1193 1250 1612 1305 Constantiensc
1681 1253 2041 1305 universalem
2105 1253 2400 1306 Ecclesiam
2456 1271 2543 1306 re-

491 1329 821 1396 praesentet?

639 1401 778 1454 Item
819 1405 1006 1455 utrum
1048 1400 1247 1464 credat,
1290 1400 1434 1469 quod
1462 1399 1616 1464 illud,
1660 1400 1803 1470 quod
1831 1419 2038 1453 sacrum
2075 1400 2376 1455 Concilium
2403 1399 2543 1453 Con-

492 1476 820 1540 stantiense,
882 1475 1241 1528 universalem
1299 1475 1594 1527 Ecclesiam
1651 1478 2045 1544 repraesentans
2111 1475 2432 1544 approbavit
2490 1479 2542 1528 et

492 1551 762 1619 approbat
813 1551 869 1602 in
924 1550 1166 1602 favorem
1218 1549 1342 1602 fidei
1395 1553 1449 1602 et
1500 1550 1730 1602 salutem
1769 1549 2086 1613 animarum,
2138 1550 2280 1619 quod
2320 1549 2423 1602 1100
2463 1553 2543 1603 est

492 1625 558 1677 ab
600 1624 868 1677 universis
908 1625 1156 1677 fidelibus
1196 1623 1603 1693 approbandum
1646 1627 1700 1676 et
1751 1624 2062 1687 tenendum,
2115 1629 2170 1678 et
2219 1624 2360 1694 quod
2415 1642 2543 1676 con-

492 1699 787 1762 demnaret,
847 1717 960 1751 esse
1022 1698 1485 1751 condemnandum
1525 1702 1625 1751 etc.
1706 1697 1878 1768 Atqui
1938 1698 2254 1767 legitimitas
2315 1697 2544 1751 Concilii

494 1773 928 1826 Constantiensis
969 1776 1078 1825 stat
1118 1774 1201 1825 vel
1243 1772 1388 1824 cadit
1427 1790 1547 1823 cum
1587 1776 1782 1842 quarta
1821 1776 1874 1824 et
1901 1772 2093 1841 quinta
2120 1773 2372 1836 sessione,
2414 1790 2542 1841 ergo

494 1852 548 1901 et
588 1851 796 1916 quartae
836 1851 890 1901 et
931 1847 1135 1918 quintae
1176 1846 1429 1900 sessionis
1470 1846 1729 1899 solemnia
1769 1847 1981 1899 decreta
2020 1846 2242 1901 fuerunt
2269 1866 2300 1900 a
2327 1845 2379 1899 S.
2411 1846 2543 1900 Sede

498 1923 832 1974 confirmata.

643 1996 791 2066 Ergo
833 1997 1120 2065 probatum
1163 1999 1259 2059 est,
1303 1995 1519 2048 decreta
1558 1998 1764 2065 quartae
1803 1999 1858 2048 et
1885 1996 2086 2064 quintae
2113 1995 2366 2048 sessionis
2394 2013 2544 2064 spec-

494 2075 612 2124 tare
652 2089 765 2122 non
804 2071 964 2123 modo
1006 2070 1071 2122 ad
1110 2074 1322 2139 tempus
1364 2070 1685 2131 schismatiS,
1728 2070 1817 2122 sed
1857 2070 2020 2122 etiam
2057 2069 2124 2122 ad
2151 2073 2364 2138 tempus
2412 2070 2546 2122 certi

494 2150 550 2198 et
593 2144 830 2214 legitimi
860 2145 1031 2214 Papae,
1073 2144 1212 2196 1111111
1242 2144 1525 2197 continere
1547 2144 1690 2213 quod
1717 2147 1862 2196 recte
1890 2144 2227 2197 intellectum
2254 2143 2547 2196 universali

492 2219 785 2272 traditioni
834 2219 1086 2272 Ecclesiae
1142 2222 1430 2288 repugnet.
1527 2218 1870 2288 Quapropter
1928 2222 2215 2288 antequam
2273 2222 2546 2271 statuatur

495 2298 755 2363 tanquam
795 2294 1044 2346 doctrina
1086 2293 1353 2346 catholica
1391 2293 1486 2345 illa
1526 2293 1813 2356 sententia,
1856 2309 1972 2362 quae
2011 2293 2183 2356 docet,
2224 2291 2378 2345 Rom.
2402 2291 2547 2345 Pon-

499 2367 662 2422 tificis
720 2368 1059 2437 personalem
1098 2371 1153 2420 et
1193 2386 1223 2420 a
1270 2371 1390 2421 tota
1440 2367 1681 2420 Ecclesia
1738 2367 2187 2437 independentem
2245 2385 2548 2436 supremam

497 2446 552 2495 et
591 2442 938 2494 infallibilem
977 2443 1346 2505 autoritatem,
1388 2445 1609 2511 oportet
1649 2441 1947 2505 ostendere,
1989 2441 2255 2511 quomodo
2282 2440 2394 2494 haec
2427 2460 2548 2494 sen-

500 2516 676 2569 tentia
735 2517 1059 2570 concilietur
1118 2535 1239 2569 cum
1297 2516 1400 2568 fide
1440 2515 1691 2568 Ecclesiae
1749 2516 1807 2567 in
1858 2516 1968 2568 illis
2010 2517 2239 2568 decretis
2281 2515 2547 2568 Constan-

502 2590 765 2644 tiensibus
825 2609 1089 2658 expressa.
1189 2590 1346 2643 Certe
1402 2589 1505 2642 hoc
1564 2590 1752 2642 saltem
1809 2590 2077 2643 neminem
2136 2590 2292 2643 credo
2350 2609 2548 2660 negare

501 2683 679 2735 posse,
719 2664 831 2716 haec
872 2664 1314 2718 Constantiensia
1352 2664 1569 2716 decreta
1605 2681 1718 2715 csse
1756 2669 2151 2732 argumentum,
2194 2663 2338 2733 quod
2376 2667 2548 2733 majus

501 2739 714 2809 pondus
752 2739 915 2791 habet
953 2740 1021 2791 ad
1060 2739 1398 2808 probandum
1439 2756 1551 2790 non
1589 2736 1648 2788 in
1705 2737 1867 2789 unius
1907 2737 2061 2790 Rom.
2103 2737 2386 2791 Pontificis
2425 2757 2548 2806 per-

502 2812 679 2866 sonali
718 2817 773 2866 et
812 2832 843 2865 a
882 2816 999 2867 tota
1021 2813 1262 2866 Ecclesia
1301 2810 1697 2882 independente
1735 2811 1963 2863 arbitrio
2003 2815 2057 2864 et
2083 2811 2353 2864 sententia
2380 2812 2548 2864 collo-

503 2891 676 2941 catam
728 2887 893 2940 fuisse
947 2906 978 2940 a
1018 2887 1237 2940 Christo
1293 2904 1551 2940 summam
1593 2885 1962 2941 ecclesiasticae
2011 2885 2318 2954 potestatiS,
2361 2886 2451 2938 sed
2491 2886 2548 2938 in

504 2961 765 3032 suffragio
806 2961 1131 3014 universalis
1158 2961 1436 3024 Ecclesiae;
1478 2978 1638 3030 quam
1664 2959 1844 3014 omnia
1870 2959 1965 3011 illa
1991 2954 2327 3030 argumenta,
2356 2961 2550 3030 quibus

504 3037 688 3106 plures
731 3037 1044 3106 oppositum
1083 3036 1365 3088 ostendere
1404 3038 1685 3088 conantur.

654 3111 893 3163 Tandem
951 3110 1115 3164 etiam
1173 3127 1454 3173 conceSSO,
1526 3109 1734 3178 aliquas
1806 3107 2155 3160 difficultates
2225 3126 2337 3161 essc
2411 3108 2550 3160 circa

510 3185 823 3237 canonicam
894 3184 1279 3238 auctoritatem
1342 3183 1538 3236 horum
1607 3183 1970 3244 decretorum,
2048 3186 2103 3235 et
2163 3182 2273 3234 illis
2337 3186 2550 3236 tantum

510 3258 805 3328 perpensiS,
865 3275 981 3328 quae
1034 3262 1181 3312 certa
1220 3262 1274 3312 et
1312 3257 1535 3311 indubia
1573 3261 1718 3322 sunt,
1776 3274 1840 3309 ex
1879 3259 1999 3309 tota
2036 3256 2135 3309 hac
2173 3256 2404 3310 historia
2441 3256 2552 3309 haec

510 3332 718 3386 fluunt:

667 3406 724 3458 1⁰
764 3404 968 3458 Saeculo
1008 3404 1104 3459 1110
1143 3404 1263 3459 XV.
1304 3405 1552 3476 agnitum
1578 3405 1744 3459 fuisse
1764 3403 2062 3458 Primatum
2084 3404 2238 3458 Rom.
2268 3403 2550 3457 Pontificis

512 3498 672 3550 super
711 3480 843 3531 alias
882 3479 1237 3548 particulares
1277 3479 1528 3532 ecclesias
1550 3476 1726 3545 (error
1765 3483 1827 3532 41
1874 3478 2156 3532 damnatus
2182 3479 2327 3532 inter
2348 3478 2550 3531 Wicle-

514 3555 663 3624 fitos)
705 3553 790 3607 vel
829 3553 1078 3623 agnitum
1138 3555 1303 3607 fuisse
1342 3553 1498 3608 Rom.
1539 3552 1859 3608 Pontificem
1916 3571 2028 3605 esse
2087 3571 2444 3606 successorem
2493 3550 2546 3604 S.

514 3628 681 3690 Petri,
738 3632 898 3696 caput
958 3628 1207 3692 ecclesiae,
1266 3627 1544 3682 Vicarium
1581 3626 1711 3682 Jesu
1750 3626 1970 3690 Christi,
2028 3626 2313 3680 habentem
2369 3643 2549 3679 veram

510 3702 947 3772 jurisdictionem
986 3700 1043 3753 in
1086 3720 1269 3754 omnes
1294 3702 1496 3766 fideleS,
1538 3704 1810 3756 tenentem
1836 3705 2139 3769 supremam
2171 3700 2549 3753 auctoritatem

517 3777 572 3830 in
613 3776 852 3831 Ecclesia
889 3774 991 3829 Dei
1032 3772 1118 3843 (ex
1155 3775 1309 3830 artic.
1351 3775 1616 3831 damnatis
1643 3775 1701 3830 in
1727 3774 1884 3830 Joan.
1914 3774 2084 3845 Hus);
2124 3772 2360 3829 breviter
2391 3773 2545 3829 Rom.
