2722 4146
2139 276 2210 328 43

171 423 516 478 ecclesiarum
569 422 922 476 consensione
975 440 1281 492 supremum
1326 422 1593 494 judicium
1642 442 1674 476 a
1726 421 1945 476 Christo
1985 421 2218 476 Domino

171 499 496 554 collocatum
534 516 661 552 esse.

1145 645 1249 729 V.

316 796 514 849 Eadem
554 794 824 848 sententia
863 795 1191 850 luculentius
1243 796 1595 849 confirmatur
1648 815 1711 849 ex
1765 797 1920 866 praxi
1968 794 2220 848 Ecclesiae

169 872 226 925 in
264 870 604 925 oecumenicis
643 869 903 922 0011011118.

780 1050 1110 1111 Concilium
1159 1051 1605 1130 Apostolorum.

316 1168 564 1221 Primum
602 1167 879 1221 concilizmz
931 1170 983 1219 et
1025 1167 1168 1236 quod
1222 1167 1342 1219 aliis
1383 1167 1633 1220 omnibus
1685 1186 1931 1220 normam
1969 1167 2218 1235 praebuit,

167 1244 274 1297 fuit
307 1243 593 1296 concilium
631 1242 1015 1310 Hierosolymis
1053 1242 1118 1294 ab
1158 1241 1442 1311 Apostolis
1482 1241 1728 1294 habitum
1754 1240 1878 1294 Act.
1909 1241 2025 1294 XV.
2056 1241 2219 1294 Facta

167 1318 466 1387 quaestione
523 1336 635 1370 non
693 1316 929 1379 minima,
991 1320 1321 1380 statuerunt,
1382 1320 1444 1369 ut
1501 1316 1851 1368 ascenderent
1910 1315 2111 1368 Paulus
2165 1322 2220 1369 et

166 1393 441 1445 Barnabas
483 1432 494 1444 .
538 1433 549 1444 .
593 1433 604 1443 .
645 1391 712 1443 ad
752 1389 1047 1459 Apostolos
1103 1394 1157 1444 et
1205 1391 1554 1459 presbyteros
1594 1391 1653 1442 in
1691 1390 2007 1452 Jerusalem,
2058 1408 2219 1459 super

166 1468 266 1519 hac
294 1466 608 1536 quaestione.
688 1465 1071 1518 Convenerunt
1096 1464 1354 1534 Apostoli
1381 1468 1436 1517 et
1462 1465 1716 1528 801110108,
1760 1465 1938 1517 videre
1965 1464 2028 1516 de
2054 1466 2218 1518 verbo

167 1541 285 1593 hoc.
366 1540 498 1594 Cum
536 1545 717 1592 autem
754 1558 950 1610 magna
997 1539 1324 1608 conquisitio
1384 1540 1567 1592 fieret:
1624 1539 1861 1592 surrexit
1912 1538 2106 1591 Petrus
2165 1543 2220 1592 et

167 1615 374 1684 primus
415 1614 739 1667 sententiam
790 1614 1056 1682 protulit3
1110 1617 1298 1682 postea
1353 1613 1590 1666 surrexit
1628 1611 1860 1666 Jacobus
1909 1617 1963 1666 et
2002 1616 2219 1665 senten-

165 1690 298 1742 tiam
336 1689 487 1741 Petri
525 1688 777 1757 probavit
817 1692 870 1740 et
908 1687 1152 1740 adductis
1193 1687 1521 1740 testimoniis
1573 1687 1966 1756 prophetarum
2019 1688 2219 1739 confir-

166 1764 336 1816 mavit
392 1767 446 1816 et
504 1763 733 1815 formam
792 1763 991 1814 decreti
1051 1761 1364 1831 proposuit,
1434 1766 1489 1814 et
1551 1762 1759 1830 placuit
1822 1761 2106 1831 Apostolis
2167 1766 2221 1815 et

167 1838 469 1891 senioribus
510 1855 631 1889 cum
669 1836 816 1889 omni
856 1835 1129 1888 Ecclesia:
1180 1840 1234 1888 et
1271 1837 1491 1888 nomine
1531 1837 1704 1889 totius
1746 1835 1976 1889 Concilii
2016 1835 2218 1889 editum

167 1916 248 1965 est
306 1912 603 1965 decretum:
673 1911 859 1964 Visum
918 1916 994 1964 est
1033 1909 1269 1976 Spiritui
1326 1916 1507 1964 sancto
1548 1915 1596 1963 et
1634 1911 1784 1963 nobis
1838 1910 2102 1978 (collectis
2160 1911 2219 1963 in

166 1987 387 2056 unum):
433 1990 492 2039 ut
533 1986 779 2039 omnibus
819 1985 1023 2038 futuris
1063 1985 1507 2055 generationibus
1543 1988 1836 2049 constaret,
1879 1990 1933 2039 et
1973 2004 2218 2054 quaenam

166 2061 240 2114 sit
277 2061 464 2131 regula
485 2060 715 2114 Concilii
753 2060 1003 2123 habendi,
1045 2064 1099 2112 et
1137 2059 1358 2112 nonnisi
1393 2060 1638 2112 unanimi
1666 2059 2061 2129 Episcoporum
2089 2079 2218 2113 con-

165 2135 401 2188 sensioni
441 2135 763 2204 promissum
822 2134 987 2186 fuisse
1026 2138 1079 2186 et
1117 2138 1437 2202 praesentem
1475 2153 1588 2186 esse
1631 2133 1894 2203 Spiritum
1953 2138 2215 2198 sanctum,

167 2210 258 2279 qui
316 2210 611 2262 Ecclesiam
669 2209 873 2263 Christi
930 2209 987 2260 in
1049 2226 1256 2260 omnem
1310 2209 1597 2261 veritatem
1635 2209 1863 2261 inducit.
1941 2208 2218 2261 Perlatum

166 2285 440 2337 decretum
479 2284 546 2335 ad
585 2284 849 2346 ecclesias,
891 2283 1222 2335 docebantur
1262 2282 1461 2350 plebeS,
1503 2286 1565 2335 ut
1604 2283 1682 2335 ait
1707 2282 1992 2351 scriptura,
2036 2286 2216 2335 custo-

165 2359 280 2410 dire
319 2359 587 2428 dogmata,
629 2376 746 2426 quae
785 2361 942 2410 erant
980 2357 1194 2409 decreta
1232 2357 1298 2409 ab
1337 2355 1622 2426 Apostolis
1662 2359 1718 2409 et
1757 2357 2079 2422 senioribUS,
2121 2358 2215 2427 qui

168 2438 324 2485 erant
361 2432 757 2500 Hierosolymis
800 2430 942 2496 (Act.
993 2435 1091 2494 15.,
1134 2431 1262 2500 41.).

315 2507 445 2560 Cum
513 2505 747 2573 Viyilius
803 2505 948 2574 Papa
1007 2504 1486 2573 Constantinopoli
1543 2523 1740 2575 agens,
1810 2506 1900 2558 ubi
1959 2506 2210 2575 quintum

167 2580 468 2634 Concilium
519 2581 795 2650 agebatur,
850 2598 1001 2632 sacro
1059 2579 1287 2632 concilio
1342 2579 1504 2631 certis
1555 2580 1617 2631 de
1672 2580 1844 2633 causis
1885 2599 2036 2632 suam
2075 2599 2214 2649 prae-

165 2656 393 2707 sentiam
434 2655 764 2724 denegasset,
806 2654 1082 2722 pollicitus
1110 2672 1204 2722 per
1232 2653 1468 2722 seipsum
1495 2672 1548 2706 80
1576 2654 1829 2707 daturum
1855 2656 2211 2709 sententiam:

162 2729 352 2782 Patres
391 2729 562 2798 iisque
601 2728 914 2781 auctoribus
968 2732 1023 2781 et
1073 2729 1452 2797 probantibUS,
1510 2727 1855 2781 Justinianus
1911 2729 2214 2798 Imperator

162 2804 240 2856 sic
277 2803 596 2857 Pontificem
635 2803 789 2856 Rom.
831 2803 896 2855 ad
938 2802 1227 2855 concilium
1267 2802 1571 2855 invitabat:
1631 2803 1817 2855 «Inter
1869 2822 1968 2856 nos
2007 2804 2214 2872 placuit

161 2882 274 2930 tam
312 2878 491 2947 ipsum
514 2876 803 2947 (Vigilium
842 2877 1050 2930 scilicet
1088 2876 1307 2946 Papam)
1350 2895 1508 2945 quam
1548 2895 1647 2929 nos
1689 2878 2043 2930 communiter
2085 2896 2212 2929 0011-

83 2941 99 2955 ’
165 2952 365 3017 venire,
406 2971 467 3005 eo
508 2952 651 3021 quod
691 2952 993 3004 sacerdotes
1033 2951 1182 3003 decet
1222 2950 1581 3004 communibus
1621 2951 2010 3019 quaestionibus
2049 2952 2213 3004 finem

164 3043 476 3079 communem
515 3027 791 3095 imponere
832 3067 843 3079 .
888 3067 898 3078 .
943 3067 954 3078 .
1007 3025 1113 3077 Pro
1168 3025 1252 3078 his
1307 3026 1374 3077 ad
1425 3025 1739 3076 memoriam
1804 3027 1918 3093 ejus
1974 3023 2211 3095 (Vigilii)

164 3101 512 3168 produximus
571 3118 768 3170 magna
833 3101 928 3152 illa
985 3098 1380 3167 Apostolorum
1435 3099 1675 3166 exempla
1733 3102 1787 3150 et
1834 3098 2057 3152 Patrum
2099 3103 2212 3152 tra-

164 3173 413 3226 ditiones,
509 3173 662 3227 Licet
718 3174 861 3227 enim
921 3173 1092 3226 sancti
1133 3172 1372 3242 Spiritus
1429 3172 1609 3243 gratia
1666 3175 1721 3225 et
1768 3172 1908 3225 circa
1966 3173 2210 3244 singulos

163 3245 458 3316 Apostolos
497 3249 812 3313 abundaret,
853 3252 915 3301 ut
953 3266 1064 3299 11011.
1104 3247 1414 3316 indigerent
1453 3247 1562 3299 alio
1603 3246 1829 3299 consilio
1867 3247 1934 3299 ad
1974 3265 2051 3312 ea,
2092 3267 2210 3317 quae

163 3321 368 3391 agenda
406 3326 584 3384 erant;
626 3341 739 3375 non
778 3326 960 3375 tamen
987 3321 1145 3374 aliter
1173 3322 1466 3374 voluerunt
1494 3321 1556 3372 de
1583 3339 1662 3385 eo,
1704 3321 1848 3389 quod
1874 3323 2207 3387 movebatur,

167 3396 213 3448 si
253 3398 530 3464 oporteret
580 3399 768 3466 gentes
823 3395 1149 3459 circumcidi,
1200 3395 1440 3458 definire,
1495 3394 1811 3463 priusquam
1851 3396 2209 3449 communiter

165 3469 478 3539 congregati
534 3469 838 3522 divinarum
875 3469 1269 3538 scripturarum
1320 3468 1648 3522 testimoniis
1696 3470 2063 3540 unusquisque
2113 3489 2209 3522 sua

164 3543 311 3595 dicta
351 3543 823 3598 confirmaverunt.
899 3543 1054 3596 Unde
1107 3544 1464 3596 communiter
1504 3543 1566 3595 de
1605 3561 1666 3596 eo
1706 3544 2032 3597 sententiam
2079 3562 2207 3612 pro-

162 3617 442 3670 tulerunt:
482 3616 674 3670 Visum
713 3621 796 3671 est
833 3616 1066 3687 Spiritui
1104 3620 1292 3669 sancto
1329 3620 1383 3669 et
1420 3617 1577 3670 nobis
1617 3658 1629 3670 .
1673 3661 1684 3672 .
1728 3659 1739 3670 .
1801 3617 1903 3671 Sed
1942 3621 1996 3671 et
2034 3617 2208 3670 sancti

163 3690 368 3756 PatreS,
421 3690 515 3760 qui
564 3710 666 3762 pro
704 3695 946 3761 tempore
984 3691 1041 3744 in
1079 3690 1279 3744 sanctis
1329 3694 1563 3760 quatuor
1602 3690 1857 3746 Conciliis
1887 3692 2205 3758 floruerunt,
