2612 4062
410 203 517 254 276

408 347 602 401 Modus
660 364 788 398 vero
847 344 1174 413 procedendi
1230 345 1275 398 is
1334 350 1478 410 erat,
1535 347 1580 400 si
1639 349 1837 402 abusus
1893 349 2062 420 aliqui
2117 350 2453 420 expurgandi

407 421 655 483 fuissent,
698 421 858 472 fiebat
898 418 1131 487 primum
1174 419 1454 487 deputatio
1494 421 1803 491 aliquorum
1840 423 2081 487 Patrum‚
2124 423 2215 493 qui
2256 425 2452 477 abusus

408 495 556 564 ipsos
622 495 965 563 colligerent,
1021 493 1342 562 collectique
1407 494 1463 546 in
1525 494 1964 568 Congregatione
2023 496 2274 550 Generali
2315 499 2452 550 refe-

406 571 665 623 rebantur
726 573 889 636 atque
947 567 1425 632 examinabantur,
1493 569 1683 623 deinde
1749 572 1914 625 fiebat
1969 590 2109 624 nova
2172 572 2451 642 deputatio

407 643 471 695 ad
513 642 854 696 formandum
895 641 958 693 de
997 641 1071 694 eis
1112 641 1386 695 decretum
1428 644 1511 695 vel
1551 662 1611 696 ea
1650 663 1778 698 cura
1805 646 2230 700 demandabatur
2257 646 2454 699 eisdem

406 716 676 778 Patribus,
719 715 813 784 qui
855 734 943 768 eos
984 715 1331 786 collegerant.
1411 716 1468 769 Si
1510 736 1637 770 vero
1678 719 1784 771 alia
1822 720 2051 772 materia
2089 719 2152 772 de
2191 720 2453 773 reforma-

406 791 557 844 tione
620 789 906 843 tractanda
970 794 1109 853 erat,
1179 794 1310 842 tunc
1367 790 1485 843 DD.
1547 791 1918 847 Praesidentes
1975 795 2060 847 vel
2120 795 2298 863 capita
2361 813 2451 847 seu

404 865 666 918 articulos
719 864 931 933 aliquos
971 864 1142 932 ipsam
1190 865 1633 918 reformationem
1674 867 1731 920 in
1771 887 1977 921 summa
2019 869 2450 938 complectenteS‚

403 940 487 992 uti
527 939 731 992 factum
772 942 853 991 est
892 938 949 990 in
992 946 1039 990 4.
1082 938 1318 991 sessione
1359 941 1456 992 sub
1496 939 1643 994 Julio
1684 941 1768 994 III
1805 947 1860 996 et
1898 943 1957 995 in
2000 948 2046 995 5.
2090 944 2188 995 sub
2231 943 2326 995 Pio
2353 942 2448 1006 IV,

403 1014 598 1082 quibus
638 1019 827 1082 postea
866 1012 1186 1066 examinatis
1226 1031 1458 1066 canones
1497 1015 1560 1067 de
1600 1016 1675 1068 eis
1708 1018 1866 1086 juxta
1892 1017 2118 1070 Patrum
2157 1017 2451 1070 sententias

403 1087 877 1156 concipiebantur‚
933 1087 1013 1139 vel
1065 1087 1229 1140 etiam
1269 1106 1501 1142 canones
1541 1091 1606 1142 ab
1646 1090 1779 1159 ipsis
1819 1090 2038 1162 Legatis
2078 1091 2353 1144 accersitis
2394 1091 2449 1143 in

403 1161 688 1214 consilium
747 1161 1016 1230 aliquibus
1068 1179 1132 1213 ex
1197 1161 1507 1217 Canonistis
1555 1166 1663 1233 jam
1727 1170 2045 1235 conceptOS‚
2106 1166 2187 1219 uti
2245 1166 2449 1218 factum

403 1242 484 1289 est
534 1235 590 1288 in
635 1241 682 1288 6.
726 1239 782 1288 et
823 1240 870 1288 7.
920 1236 1159 1289 sessione
1211 1237 1308 1288 sub
1352 1236 1519 1291 Paulo
1560 1239 1619 1290 in
1661 1244 1739 1303 3.‚
1783 1241 1881 1292 sub
1920 1239 2070 1293 Julio
2112 1240 2170 1292 in
2214 1245 2261 1293 6.
2307 1245 2353 1293 7.
2399 1244 2446 1293 8.

402 1314 455 1363 et
496 1316 544 1363 9.
587 1311 684 1363 sub
712 1309 827 1373 Pio,
869 1309 1124 1363 Patribus
1164 1310 1549 1365 examinandos
1577 1315 1972 1382 proponebant.
2032 1313 2282 1383 Ipsorum
2320 1331 2447 1366 vero

402 1385 742 1437 decretorum
782 1403 874 1436 seu
915 1384 1194 1437 Canonum
1235 1386 1560 1440 examinatio
1602 1389 1870 1456 quomodo
1912 1390 2083 1453 fieret,
2124 1389 2325 1442 dictum
2367 1392 2450 1440 est

401 1478 563 1528 supra
602 1459 777 1528 capite
817 1459 1059 1528 proprio.
1076 1460 1090 1489 ¹

521 1665 535 1689 ¹
570 1667 737 1723 Folgen
783 1666 912 1709 noch:
980 1666 1038 1709 De
1087 1667 1347 1723 recipiendis
1390 1670 1436 1711 et
1478 1667 1766 1712 admittendis
1809 1668 2070 1714 Oratoribus
2109 1670 2359 1726 Principum
2392 1693 2446 1699 —-

398 1725 462 1769 Dc
494 1726 714 1769 mandatis
731 1726 1178 1782 Procuratoribusque
1205 1726 1451 1769 absentium
1478 1727 1781 1772 Praelatornm
1809 1730 2065 1785 recipiendis
2085 1752 2140 1759 —
2160 1729 2222 1773 De
2248 1731 2448 1785 ingressu

399 1785 648 1842 legatorum
700 1785 1050 1841 Apostolicorum
1099 1790 1145 1828 et
1191 1785 1543 1829 Praesidentium
1594 1788 1775 1831 Concilii
1822 1802 1872 1832 ac
1919 1789 2102 1832 aliorum
2154 1787 2446 1831 Cardinalium

399 1844 656 1889 Tridentum
695 1869 743 1875 -
779 1844 844 1888 De
875 1845 1017 1887 missis
1051 1847 1096 1888 et
1129 1844 1227 1888 aliis
1258 1846 1390 1888 sacris
1422 1846 1706 1890 celebrandis.
