2612 4062
2023 263 2027 266 <
2065 228 2174 284 207

137 379 407 462 acceptam
446 374 755 441 referend0‚
795 375 1002 446 aliquid
1039 375 1265 431 humani
1303 376 1448 464 passi
1488 379 1617 431 sunt
1654 374 1984 430 Pontifices:
2037 375 2182 446 quod

137 452 211 504 eis
252 453 580 520 exprobrare
618 451 883 520 injustum
923 456 1076 507 esset.
1145 453 1279 505 Eam
1293 455 1424 536 ‘jam
1463 451 1520 504 in
1562 450 1974 506 desuetudinem
2013 450 2182 504 abiise

137 544 321 579 omnes
362 526 578 595 quidem
604 529 938 594 agnoscunt,
981 545 1095 579 eam
1134 527 1457 582 reviviscere
1495 544 1651 595 posse
1678 524 1835 610 pauci
1861 528 2179 579 autumant·

136 600 379 668 quamvis
438 600 492 652 id
551 599 667 651 fieri
724 618 881 668 posse
939 619 1048 653 non
1111 602 1182 654 sit
1234 601 1599 671 impossibile3
1665 601 1712 654 si
1764 599 2021 653 Pontifex
2078 618 2180 670 pro

135 674 411 727 infallibili
462 674 722 726 habeatur
780 678 835 727 et
874 675 1003 727 fides
1054 675 1227 728 danda
1274 676 1349 729 sit
1400 674 1578 728 verbis
1629 674 1836 727 Revmi.
1891 672 2178 744 Archiepi-

133 748 283 817 scopi
322 748 950 813 Westmonasteriensis,
1007 749 1132 801 dum
1179 749 1238 802 in
1275 749 1574 803 minoribus
1615 753 1784 814 esset,
1825 748 1883 801 111
1924 748 2180 802 concione

135 821 367 875 Londini
409 826 534 875 ante
573 822 795 891 aliquod
833 841 1006 875 annos
1045 823 1247 877 habita.

280 896 594 950 Praeclarus
645 896 737 948 ille
778 896 860 949 vir
900 897 959 949 in
998 898 1104 951 ista
1144 898 1423 962 concione,
1465 898 1511 950 si
1547 898 1686 950 lecta
1726 897 1786 949 in
1825 897 2178 966 ephemeridi-

133 968 231 1023 bus
290 971 422 1023 bene
479 970 761 1034 recordor,
823 1002 888 1008 —
943 972 1000 1024 in
1053 991 1158 1041 quo
1212 971 1388 1042 quoad
1447 971 1808 1025 substantiam
1860 975 2004 1025 certe
2062 990 2176 1025 non

132 1045 319 1109 fallor,
378 1045 610 1098 asseruit
661 1045 982 1098 Pontificem
1033 1050 1225 1115 utpote
1276 1046 1417 1098 vices
1467 1045 1597 1100 Jesu
1647 1045 1852 1098 Christi
1901 1050 2177 1116 gerentem

131 1118 334 1190 Regem
374 1119 534 1172 etiam
573 1138 685 1172 esse
724 1120 938 1173 debere:
980 1120 1210 1189 huicque
1248 1124 1454 1174 asserto
1495 1140 1608 1173 non
1649 1121 1865 1173 officere
1906 1121 2050 1189 quod
2078 1139 2174 1190 per

129 1194 288 1262 plura
326 1194 534 1246 saecula
573 1195 784 1246 nullum
824 1195 1121 1247 dominium
1159 1195 1454 1264 temporale
1494 1195 1798 1257 habuisset3
1829 1213 1948 1247 cum
1980 1197 2070 1264 jus
2110 1195 2176 1248 ad

129 1268 184 1320 id
223 1287 430 1338 semper
470 1269 785 1337 possederit.
853 1268 911 1322 Si
950 1269 1078 1321 haec
1119 1287 1243 1322 vera
1282 1270 1413 1333 sint,
1455 1270 1599 1338 quod
1639 1269 1982 1323 vehementer
2015 1288 2172 1340 neg0,

130 1343 373 1412 sequitur
396 1342 713 1396 Pontificem
752 1363 864 1396 non
904 1349 1119 1397 tantum
1137 1363 1365 1412 parvum
1390 1343 1704 1407 dominium,
1746 1343 1802 1395 in
1844 1363 1940 1395 sua
1966 1343 2174 1397 ditione

129 1417 400 1482 Romana,
461 1418 679 1481 habere,
741 1418 832 1470 sed
879 1419 1041 1471 etiam
1082 1420 1171 1487 jus
1211 1418 1428 1487 aliquod
1479 1419 1546 1470 ad
1594 1418 1898 1470 universale
1945 1417 2003 1470 in
2053 1422 2174 1472 toto

128 1493 346 1545 mundo.
427 1492 556 1544 Cum
607 1491 855 1545 Christus
908 1497 991 1545 est
1037 1492 1151 1544 Rex
1205 1511 1422 1562 regum,
1475 1492 1729 1545 Pontifex
1788 1492 1881 1561 qui
1940 1495 2002 1545 ut
2053 1511 2175 1545 eum

129 1570 498 1635 repraesentet
531 1569 690 1636 juxta
728 1566 1387 1630 Westmonasteriensem,
1444 1566 1557 1618 Rex
1598 1584 1709 1618 esse
1749 1567 1964 1630 debeat,
2019 1566 2175 1620 debet

129 1660 248 1694 eum
288 1646 693 1710 repraesentare
732 1641 789 1693 in
833 1645 948 1694 tota
986 1641 1156 1710 ipsius
1199 1641 1404 1693 Christi
1444 1641 1678 1704 ditione,
1736 1641 1789 1692 id
1829 1645 1910 1694 est
1949 1641 2007 1692 in
2048 1642 2171 1694 uni-

130 1734 283 1769 verso
352 1715 508 1769 Orbe.
617 1714 882 1768 Novimus
961 1734 1119 1784 quam
1183 1716 1414 1768 feliciter
1480 1715 1886 1769 consecutiones
1951 1715 2172 1768 educere

128 1791 344 1843 valeant
394 1790 711 1843 Pontificiae
750 1788 1116 1843 Auctoritatis
1156 1787 1431 1852 advocati,
1486 1790 1648 1842 etiam
1701 1807 1765 1841 ex
1804 1790 2172 1843 locutionibus

128 1864 392 1936 figuratis,
454 1864 591 1927 Quid
631 1864 675 1917 si
700 1863 1031 1933 principium
1069 1864 1200 1916 adeo
1238 1864 1540 1934 gravidum,
1582 1868 1644 1916 ut
1683 1883 1714 1915 a
1740 1863 2170 1918 Westmonaste-

126 1940 290 1992 riensi
329 1940 626 2009 profertur,
667 1957 767 2007 pro
808 1939 1159 1991 fundamento
1200 1938 1470 1991 habeant?
1533 1938 1674 1990 Huic
1707 1938 1822 2007 juri
1861 1957 1972 1990 11011
1998 1940 2169 2009 magis

129 2014 342 2067 officere
379 2017 578 2082 potest,
621 2013 762 2083 quod
803 2031 898 2082 per
936 2013 1203 2065 nonnulla
1242 2013 1452 2066 saecula
1490 2012 1544 2064 id
1584 2012 1686 2065 sibi
1725 2031 1837 2065 non
1863 2013 2170 2078 asseruerit,

128 2108 287 2158 quam
338 2089 480 2158 quod
535 2089 601 2140 ab
653 2088 812 2140 initio
865 2106 961 2156 per
1016 2088 1174 2156 plura
1221 2088 1430 2140 saecula
1488 2087 1542 2138 id
1594 2106 1706 2139 non
1747 2087 2057 2152 habuisset,
2117 2091 2173 2140 et

127 2164 288 2216 etiam
329 2164 381 2215 id
420 2163 526 2231 ipsi
567 2167 869 2231 competere
907 2180 1064 2214 nemo
1104 2180 1202 2214 nec
1228 2161 1595 2214 somniaverit.
1659 2161 1806 2214 Haec
1843 2162 2023 2226 retuli,
2057 2179 2169 2214 non

127 2241 190 2291 ut
227 2238 420 2290 eximio
462 2238 578 2290 viro
621 2237 1003 2305 praejudicium
1044 2237 1292 2300 afferam,
1349 2237 1439 2288 sed
1483 2239 1542 2288 ut
1582 2237 1861 2288 ostendam
1901 2237 2170 2305 sequelam

126 2330 188 2363 ex
227 2311 496 2381 principio
537 2312 811 2363 evidenter
850 2329 1094 2373 01101100,
1137 2312 1288 2380 cujus
1328 2310 1623 2363 falsitatem
1663 2310 1722 2361 in
1761 2311 1986 2362 decursu
2014 2329 2168 2379 prae-

126 2387 292 2439 sentis
347 2386 623 2438 concionis
675 2386 904 2454 probare
956 2385 1190 2437 conabor
1232 2416 1299 2422 -—
1340 2384 1640 2436 necessario
1692 2384 2044 2450 educendam,
2099 2415 2166 2423 -——-

126 2479 285 2529 quam
325 2461 486 2514 etiam
526 2460 640 2529 ipse
679 2459 953 2529 rejiceret,
995 2477 1114 2511 eum
1154 2464 1372 2511 cautum
1409 2459 1628 2510 reddere
1668 2458 1857 2511 debere
1895 2477 2005 2511 non
2044 2460 2167 2528 plus

124 2554 309 2604 sapere
349 2554 508 2604 quam
549 2538 767 2603 oportet
805 2552 991 2603 sapere
1031 2534 1089 2585 in
1128 2552 1186 2585 re
1227 2533 1542 2586 Pontificiae
1582 2532 2016 2587 InfallibilitatiS.

270 2609 417 2662 Haec
473 2613 603 2661 sunt
662 2626 796 2677 quae
854 2626 936 2660 me
993 2626 1024 2659 a
1076 2608 1349 2660 communi
1407 2608 1596 2660 saltem
1648 2607 1905 2675 loquendi
1954 2608 2166 2661 ratione

125 2682 391 2736 discedere
442 2688 691 2753 cogunt,
720 2683 933 2751 quando
989 2682 1232 2752 quaestio
1285 2682 1359 2735 sit
1408 2682 1471 2733 de
1510 2700 1652 2734 novo
1693 2682 1874 2750 aliquo
1916 2682 2166 2752 dogmate

125 2756 432 2810 Catholicae
469 2757 633 2816 ,Fidei
685 2757 1017 2819 definiend03
1077 2756 1143 2808 ad
1203 2756 1346 2824 quod
1399 2774 1584 2808 censeo
1637 2754 1967 2820 Concilium,
2021 2756 2165 2824 quod

125 2832 475 2885 universalem
519 2832 812 2885 Ecclesiam
865 2849 987 2883 vere
1038 2834 1430 2899 repraesentet,
1484 2830 1642 2900 exigi.
1723 2829 1882 2882 Nunc
1935 2830 2000 2882 ad
2051 2849 2163 2884 rem

123 2906 310 2972 rede0,
351 2907 592 2975 quamvis
634 2925 694 2959 ea
732 2923 867 2974 quae
906 2904 1018 2957 dixi
1056 2905 1123 2956 ab
1163 2922 1223 2956 ea
1261 2923 1373 2957 non
1413 2904 1633 2956 omnino
1673 2903 1847 2956 aliena
1886 2903 2013 2961 sint.

1093 3123 1189 3180 VI.
1487 3116 1510 3135 ’“

136 3329 140 3332 .
267 3275 394 3332 Νο11
422 3275 681 3341 multum,
723 3275 770 3330 si
809 3274 936 3346 quid
975 3275 1134 3339 forte,
1173 3294 1226 3327 a
1243 3272 1432 3327 fratris
1472 3270 1575 3325 mei
1601 3272 1870 3327 sententia
1895 3274 2159 3330 abludunt

123 3359 207 3404 ea
232 3371 365 3421 quae
411 3318 704 3404 Reverend.
757 3349 1191 3413 Baltimorensis,
1253 3347 1524 3400 Martinus
1581 3346 1820 3403 Joannes
1878 3348 2156 3422 Spalding,

123 3425 342 3495 scripsit
397 3427 454 3478 in
510 3424 759 3477 Historia
816 3423 1262 3487 Reformationis‚
1325 3441 1388 3474 ex
1447 3424 1596 3491 cujus
1655 3420 1846 3491 quinta
1903 3425 2157 3491 editione,

123 3500 360 3553 auctoris
400 3500 542 3552 curis
581 3499 879 3569 recognita,
920 3502 974 3551 et
993 3497 1298 3561 Baltimori,
1339 3514 1480 3548 anno
1516 3499 1671 3560 1866,
1712 3496 1770 3550 in
1809 3498 1980 3551 lucem
2008 3500 2159 3565 data,

122 3572 253 3626 haec
291 3572 575 3642 exscripsi,
606 3577 680 3637 ,et
733 3573 913 3626 eadem
952 3589 1055 3641 qua
1093 3570 1281 3624 fratris
1320 3571 1425 3626 mei
1463 3570 1623 3623 verba
1662 3570 1930 3625 fidelitate
1961 3572 2156 3646 Latine

123 3646 200 3708 sic
259 3653 447 3712 verto-;
491 3646 861 3716 praemittens
922 3647 1084 3700 istam
1145 3649 1270 3699 ante
1322 3642 1534 3717 viginti
1599 3663 1691 3719 sex
1746 3664 1917 3709 annos
1956 3646 2156 3717 primo
