2612 4062
2083 306 2189 356 249

289 444 366 498 Ut
404 464 494 510 ea,
534 464 668 515 quae
707 445 770 496 de
810 445 913 497 fide
952 450 1008 499 et
1045 447 1329 516 disciplina
1367 452 1561 519 agunt,
1601 449 1872 502 schemata
1910 449 2186 515 Patribus,

145 519 543 588 quamprimum
582 519 701 571 fieri
739 519 930 587 possit,
971 520 1358 584 exhibeantur3
1535 520 1542 529 ’

288 592 366 645 Ut
392 592 870 646 deliberationibus
897 612 974 653 eo,
1017 595 1110 663 qui
1135 596 1412 664 expositus
1439 599 1537 660 est,
1579 598 1737 650 modo
1777 598 1979 651 habitis
2006 598 2186 651 Patri-

144 669 242 720 bus
282 668 458 731 liceat,
499 667 822 720 sententiam
859 667 922 719 de
951 666 1339 735 Schematibus,
1381 689 1540 739 quam
1565 672 1889 740 sequendam
1914 672 2186 737 duxerint,

142 742 199 794 in
232 742 642 810 deputationum
678 759 947 806 consessa,
983 761 1078 811 per
1109 743 1383 814 delegatos
1402 745 1671 813 explicare
1690 749 1852 815 atque
1872 747 2185 809 defendere3

288 815 366 868 Ut
405 815 658 869 Patribus
710 815 940 867 liberum
994 817 1066 870 sit
1119 836 1337 881 curare,
1390 822 1453 871 ut
1491 819 1640 888 typis
1679 821 2032 886 mandentur,
2073 824 2187 874 tam

143 890 416 943 orationes
467 891 523 942 in
579 890 1091 959 congregationibus
1131 892 1472 961 generalibus
1512 894 1576 945 ab
1618 894 1694 947 eis
1733 895 1972 959 habitae,
2026 914 2186 964 quam

141 964 364 1033 scripta,
408 964 602 1033 quibus
642 982 726 1016 res
767 968 1163 1032 pertractantes
1202 967 1422 1019 uberius
1463 972 1829 1036 exponantur3
1882 969 1966 1021 his
2004 973 2186 1022 tamen

142 1039 349 1091 cunctis
391 1042 445 1091 et
483 1037 714 1108 singulis
753 1038 938 1102 eidem,
981 1039 1066 1090 cui
1095 1039 1363 1093 schemata
1391 1042 1639 1106 subsunt,
1678 1043 1871 1095 secreti
1896 1048 2183 1113 praecepto

141 1112 410 1182 subjectis,

289 1186 538 1239 Ceterum
579 1186 645 1238 ad
680 1186 838 1254 pedes
877 1190 1002 1240 tuos
1042 1188 1321 1256 provoluti
1349 1208 1447 1257 pro
1474 1189 1631 1242 nobis
1668 1194 1723 1244 et
1751 1192 1998 1244 fidelibus
2026 1191 2183 1244 nobis

141 1260 435 1315 commissis
475 1259 849 1329 Apostolicam
891 1262 1125 1329 petimus
1166 1263 1604 1316 benedictionem.

256 1349 419 1392 Datum
453 1349 613 1392 Romae
645 1351 687 1391 2.
720 1348 921 1392 Januarii
959 1352 1086 1393 1870.

1203 1440 1376 1483 humill.
1411 1441 1726 1498 obsequentis&
1761 1445 1804 1485 et
1836 1442 2039 1486 devotiss.
2073 1445 2186 1487 servi

139 1558 446 1610 Fridericus
489 1557 642 1611 Card.
686 1559 1156 1631 Schwarzenberg,
1198 1560 1361 1614 Arch.
1404 1562 1504 1631 Ep.
1546 1560 1772 1630 Pragen.
1817 1595 1879 1599 -—
1925 1563 2084 1631 Prag,

138 1632 406 1701 Josephus
448 1632 700 1686 Otmarus
743 1634 896 1687 Oard.
939 1635 1233 1700 Rauscher,
1275 1635 1439 1688 Arch.
1480 1636 1578 1705 Ep.
1623 1636 1884 1692 Viennen.
1914 1638 2180 1702 —Wien,

137 1707 375 1759 Joannes
405 1706 596 1770 Simor,
627 1707 835 1762 Primas
857 1710 1173 1780 Hungariae
1194 1715 1248 1763 et
1269 1709 1432 1762 Arch.
1456 1711 1555 1779 Ep.
1580 1709 1911 1780 Strigonien.
1932 1743 1998 1749 —-
2015 1711 2180 1775 Gran,

138 1781 538 1834 Maximilianus
579 1782 874 1852 Tarnoczy,
917 1783 1082 1837 Arch.
1126 1785 1226 1854 Ep.
1270 1783 1638 1855 Salisburgen.
1684 1816 1750 1822 ——
1792 1784 2070 1856 Salzburg,

137 1856 440 1908 Fridericus
480 1857 542 1908 de
584 1856 965 1929 Fiirstenberg,
1007 1859 1171 1913 Arch.
1214 1858 1311 1927 Ep.
1357 1858 1667 1912 Olomucen.
1712 1891 1779 1896 -—
1822 1859 2058 1924 Olmiitz,

137 1929 384 1983 Andreas
424 1930 722 2000 Gollmayr,
769 1931 927 1986 Arch.
973 1934 1072 2003 Ep.
1117 1933 1384 1986 Goritien.
1428 1965 1495 1971 —
1538 1933 1722 1998 Gortz,

141 2003 435 2075 Gregorius
476 2004 687 2069 Scherr,
729 2006 893 2060 Arch.
937 2008 1034 2077 Ep.
1078 2007 1356 2061 Monacen.
1402 2038 1469 2044 —
1511 2007 1797 2072 Miinchen,

141 2078 366 2149 Gregor.
383 2078 544 2134 Mich.
563 2079 979 2149 SzymonowicZ,
997 2082 1160 2135 Arch.
1179 2083 1278 2151 Ep.
1295 2081 1606 2152 Leopolien.
1624 2082 1714 2135 rit.
1732 2083 2179 2154 arm.-Le1nberg.

140 2153 369 2206 Michael
409 2154 676 2220 Deinlein,
718 2155 883 2209 Arch.
928 2157 1026 2226 Ep.
1068 2156 1420 2227 Banibergen.
1466 2189 1532 2195 —
1574 2157 1858 2227 Bamberg,

140 2227 327 2280 Franc.
348 2227 478 2280 Xav.
496 2228 940 2299 VVierzchleyski,
966 2231 1129 2283 Arch.
1154 2231 1254 2299 Ep.
1279 2230 1589 2299 Leopolien.
1612 2231 1704 2283 rit.
1725 2232 1817 2285 lat.
1847 2261 1870 2270 -
1898 2231 2177 2302 Lemberg,

139 2301 442 2355 Ludovicus
481 2303 750 2372 Haynald,
791 2305 956 2358 Arch.
998 2306 1098 2374 Ep.
1143 2305 1387 2358 Colocen.
1433 2337 1499 2343 —
1542 2305 1782 2370 Colocza,

139 2376 334 2429 Paulus
375 2376 654 2443 MelcherS,
697 2378 860 2432 Arch.
904 2380 1003 2449 Ep.
1048 2380 1325 2433 Colonien.
1372 2411 1438 2416 —
1481 2380 1631 2443 C'oln,

136 2450 402 2504 Heni-icus
442 2451 675 2517 For-ster,
718 2454 815 2522 Ep.
859 2454 1238 2507 Vratislavien.
1284 2486 1349 2491 -—
1391 2453 1632 2516 BreslaU,

135 2524 452 2578 Pancratius
492 2525 708 2592 Dinkel,
750 2528 848 2597 Ep.
892 2527 1199 2599 Augustan.
1245 2559 1306 2564 —
1350 2527 1662 2598 Augsburg,

136 2597 403 2670 Georgius
445 2599 743 2665 SmiciklaS,
785 2603 884 2672 Ep.
929 2602 1153 2655 Crisien.
1196 2603 1287 2654 rit.
1328 2621 1502 2672 graec.
1544 2602 1690 2654 ruth.
1736 2633 1801 2638 —-
1843 2600 2061 2660 Kreutz,

133 2672 168 2725 J
171 2674 402 2742 osephus
419 2673 686 2746 Georgius
702 2675 1087 2746 Strossmayer,
1106 2677 1205 2745 Ep.
1218 2677 1448 2729 Bosnen.
1468 2680 1520 2729 et
1535 2675 1782 2729 Sirmien.
1802 2707 1867 2712 —-
1883 2674 2173 2738 Diakovar,

134 2747 582 2802 Bartholomaeus
622 2749 807 2820 Legat,
848 2751 947 2819 Ep.
990 2751 1292 2821 Tergestin.
1338 2782 1404 2787 —-
1446 2751 1643 2814 Triest,

133 2821 415 2876 Eduardus
455 2822 637 2876 Jacob.
679 2824 972 2889 Wedekin,
1015 2825 1114 2894 Ep.
1156 2824 1574 2877 Hildeshemien.
1617 2855 1684 2861 —
1724 2822 2070 2886 Hildesheim,

131 2894 406 2950 Antonius
446 2897 559 2950 JOS.
600 2898 819 2964 Peitler,
860 2899 960 2967 Ep.
1003 2898 1219 2951 Vacien.
1266 2930 1329 2935 ——
1373 2898 1641 2962 Waitzen,

131 2968 414 3039 Adolphus
442 2970 900 3037 Namszanowski,
942 2973 1042 3041 Ep.
1084 2971 1535 3042 Agathopolitan.
1578 2973 1610 3023 i.
1654 2991 1705 3040 p.
1748 2972 1781 3023 i.
1825 3002 1891 3008 —-—
1933 2970 2171 3024 Militar-

1566 3046 1757 3114 probst
1797 3045 1855 3098 in
1893 3043 2094 3108 Berlin,

130 3117 367 3171 Joannes
407 3119 683 3173 Valerian.
725 3120 913 3185 Jirsik,
955 3120 1053 3188 Ep.
1096 3118 1387 3171 Budvicen.
1432 3150 1499 3156 —
1539 3118 1804 3183 BudweiS,

131 3191 390 3253 Matthias
432 3194 728 3258 Eberhard,
769 3194 868 3263 Ep.
912 3193 1187 3246 Treviren.
1231 3224 1298 3230 —-
1339 3193 1510 3257 Trier,

129 3265 433 3320 Ludovicus
473 3267 750 3331 Forwerk,
791 3269 890 3337 Ep.
932 3267 1369 3336 Leontopolitan.
1408 3267 1443 3317 i.
1485 3287 1536 3335 p.
1577 3266 1611 3319 i.
1657 3296 1721 3304 —-
1765 3265 2019 3331 Dresden,

129 3339 453 3393 Valentinus
491 3340 702 3410 Wiery,
742 3342 842 3412 Ep.
884 3341 1111 3394 Gurcen.
1155 3371 1222 3378 —
1264 3339 1416 3393 Gurk
1454 3337 1847 3411 (Klagenfurt),

129 3413 357 3467 Michael
378 3414 672 3484 Fogorasy,
694 3415 792 3484 Ep.
815 3414 1261 3483 Transylvanien.
1285 3443 1355 3450 —
1378 3413 1781 3486 Siebenbiirgen
1798 3415 2164 3489 (Karlsburg),

129 3487 573 3541 Bartholomaeus
611 3488 874 3553 Widmer,
913 3490 1013 3558 Ep.
1054 3487 1312 3540 Labacen.
1357 3518 1423 3524 ——
1463 3487 1714 3555 Laibach,

129 3560 365 3615 Joannes
403 3562 583 3626 Zalka‚
623 3561 724 3630 Ep.
765 3561 1044 3616 Jaurinen.
1089 3591 1156 3599 -
1196 3561 1361 3627 Raab,

129 3633 366 3688 Joannes
405 3633 622 3705 Perger,
662 3635 762 3704 Ep.
804 3635 1106 3690 Cassovien.
1154 3666 1218 3673 —
1257 3635 1524 3703 Kaschau,

131 3708 408 3762 Ladislaus
448 3709 595 3773 Biro,
635 3709 735 3778 Ep.
777 3708 1164 3764 Szathmarien.
1208 3741 1275 3747 —
1317 3708 1615 3778 Szathmar,
