2722 4146
2149 317 2252 371 107

218 463 445 518 Patrum
484 460 794 526 intellectiS,
834 463 1121 534 probatum
1164 466 1260 529 est,
1300 463 1428 518 licet
1465 462 1659 518 Petrus
1708 462 1876 518 fuerit
1923 463 2255 534 praecipuum

217 538 646 600 fundamentum,
667 536 966 606 principale
987 539 1286 607 subjectum
1307 539 1534 592 clavium
1555 542 1610 595 et
1631 557 1742 608 prae
1763 539 1954 591 ceteris
1974 537 2256 608 Apostolis

219 612 486 682 acceperit
511 610 829 675 Primatum,
866 615 1049 665 tamen
1073 613 1485 666 fundamentum
1513 613 1851 682 adaequatum
1879 616 1935 666 et
1961 613 2132 666 totale
2152 612 2256 665 Ec-

220 686 411 749 clesiae,
452 686 752 754 subjectum
790 686 1133 755 adaequatum
1171 691 1225 740 et
1265 688 1460 751 totale,
1510 687 1595 740 cui
1634 687 1775 740 datae
1801 690 1931 740 sunt
1971 687 2160 751 claves,
2202 690 2259 740 et

219 760 561 813 commissum
585 778 781 811 munus
808 761 1059 828 pascendi
1087 761 1243 825 ovile,
1271 780 1384 814 non
1405 780 1517 814 esse
1543 780 1712 814 unum
1733 765 1788 815 et
1814 762 1988 814 solum
2012 760 2252 825 Petrum,

220 835 310 888 sed
337 833 747 903 Apostolorum,
778 834 1171 904 Episcoporum
1199 835 1422 889 chorum
1450 836 1506 887 in
1534 835 1699 889 Petro
1727 835 1898 888 veluti
1923 835 1980 887 in
2007 853 2256 904 supremo

218 913 450 978 pastore,
493 908 778 976 coryphaeo
819 913 873 962 et
897 909 1099 963 vertice
1126 914 1448 973 consertum,
1489 913 1544 962 et
1571 909 2029 978 comprehensum.
2107 909 2256 979 Ergo

219 984 517 1050 subjectum
538 982 948 1036 infallibilitatis
971 987 1053 1036 est
1073 984 1290 1036 ecclesia
1312 985 1579 1047 universa,
1602 983 1998 1052 Episcoporum
2017 984 2257 1036 omnium

221 1057 507 1126 collegium
540 1056 598 1108 in
631 1056 785 1108 Rom.
819 1056 1084 1110 Pontifice
1111 1058 1407 1111 adunatum
1446 1061 1500 1111 et
1539 1060 1963 1112 concentratum.

371 1131 431 1184 6⁰
458 1130 602 1183 Illud
644 1134 726 1183 est
765 1132 1060 1200 subjectum
1102 1132 1529 1196 infallibilitatiS,
1571 1132 1714 1200 quod
1755 1131 1943 1184 Patres
1982 1130 2258 1184 affirmant

223 1210 276 1259 et
315 1208 668 1275 propugnant
708 1223 820 1257 esse
846 1206 1023 1258 vivam
1050 1210 1104 1259 61
1143 1206 1592 1259 irreformabilem
1630 1206 1871 1276 regulam
1910 1205 2064 1267 fidei3
2106 1204 2259 1273 atqui

220 1279 407 1332 Patres
447 1279 687 1331 universi
717 1278 890 1332 Graeci
930 1284 984 1333 et
1012 1280 1196 1334 Latini
1222 1299 1333 1333 non
1371 1281 1722 1349 profitentur,
1765 1299 1878 1332 non
1905 1282 2259 1349 propugnant

219 1354 379 1406 aliam
417 1354 595 1406 vivam
634 1357 686 1406 et
727 1354 1174 1406 irreformabilem
1214 1355 1456 1425 regulam
1495 1354 1642 1418 fidei,
1684 1354 1792 1406 nisi
1829 1353 2085 1406 Ecclesiae
2137 1352 2261 1404 uni-

221 1428 443 1480 versalis
484 1427 819 1498 suffragium,
863 1432 925 1481 ut
965 1448 1127 1498 supra
1153 1430 1445 1498 probatum
1485 1432 1580 1481 est.
1660 1428 1808 1498 Ergo
1849 1428 2149 1496 subjectum
2174 1426 2257 1478 in-

220 1502 571 1555 fallibilitatis
612 1521 723 1554 non
763 1506 844 1556 est
884 1522 1023 1556 unus
1077 1507 1132 1557 et
1183 1504 1330 1557 solus
1368 1502 1651 1567 Pontifex,
1706 1502 1795 1555 sed
1834 1501 2089 1554 Pontifex
2142 1519 2261 1553 cum

219 1577 458 1629 Ecclesia
497 1577 763 1629 universa.

373 1653 433 1703 7⁰
474 1649 530 1703 Si
570 1670 711 1703 unus
751 1655 805 1704 et
845 1652 991 1704 solus
1020 1651 1274 1704 Pontifex
1315 1654 1453 1704 esset
1492 1652 1792 1720 subjectum
1827 1648 2259 1713 infallibilitatis,

221 1726 539 1796 dogmaticae
580 1726 866 1779 sententiae
893 1730 1012 1779 tota
1039 1729 1241 1779 sanctae
1267 1726 1403 1778 sedis
1442 1725 1771 1777 auctoritate
1798 1724 2027 1792 prolatae
2046 1763 2058 1787 ,
2100 1723 2262 1775 effor-

220 1803 432 1853 marent
472 1818 536 1851 ex
575 1818 630 1853 se
668 1801 910 1870 regulam
950 1801 1102 1863 fidei,
1163 1803 1340 1852 essent
1390 1799 1834 1861 irretractabileS,
1885 1816 1999 1850 non
2039 1800 2262 1866 possent

222 1874 470 1943 synodali
503 1874 711 1943 judicio
752 1875 973 1944 subjici3
1015 1874 1167 1943 atqui
1208 1874 1524 1943 dogmaticae
1565 1872 1867 1935 sententiae,
1906 1875 2026 1924 tota
2065 1874 2262 1924 sanctae

222 1949 362 2002 sedis
411 1949 739 2002 auctoritate
790 1950 1047 2018 prolatae,
1103 1949 1162 2001 in
1209 1948 1429 2016 synodis
1480 1946 1817 1999 oecumenicis
1874 1948 2260 2009 retractantur,

212 2042 364 2076 —novo
419 2042 655 2092 veroque
707 2024 941 2076 examini
991 2027 1044 2076 et
1089 2023 1292 2092 judicio
1345 2022 1740 2091 subjiciuntur,
1794 2024 1857 2073 ut
1913 2038 1976 2072 ex
2033 2019 2265 2072 historia

226 2097 592 2151 conciliorum
631 2101 686 2151 et
724 2099 993 2167 praecipue
1033 2116 1096 2150 ex
1136 2097 1342 2166 synodo
1384 2094 1819 2158 Chalcedonensi,
1862 2097 1915 2147 et
1943 2093 2263 2146 luculentis-

227 2172 360 2224 sima
400 2172 595 2240 synodi
636 2172 842 2241 quintae
882 2172 1218 2225 confessione
1258 2175 1312 2223 61
1351 2171 1717 2223 declaratione
1763 2187 1925 2238 supra
1974 2168 2262 2237 probatum

224 2250 321 2299 631.
383 2246 529 2316 Ergo
560 2247 858 2316 subjectum
885 2246 1298 2298 infallibilitatis
1326 2264 1438 2297 non
1465 2248 1546 2298 est
1572 2263 1711 2296 unus
1739 2246 1792 2297 61
1820 2243 1967 2296 301113
1988 2241 2261 2305 Pontifex,

226 2321 317 2373 sed
355 2320 612 2373 Pontifex
653 2340 772 2373 cum
811 2321 1049 2373 Ecclesia
1087 2319 1396 2372 universali.

380 2396 441 2446 8⁰
481 2394 571 2446 Illi
624 2395 863 2464 subjecto
915 2399 1058 2448 certe
1108 2394 1427 2446 credendum
1479 2396 1560 2445 est
1613 2391 1890 2446 Christum
1942 2388 2265 2443 concessisse

226 2468 692 2534 infallibilitatem,
734 2469 793 2521 in
833 2488 939 2539 quo
980 2473 1196 2522 tantum
1246 2467 1609 2537 privilegium,
1651 2466 1794 2535 quod
1840 2464 1999 2517 unius
2039 2463 2141 2516 Dei
2181 2466 2263 2515 est

230 2543 531 2613 proprium,
590 2544 810 2613 dignius
865 2547 918 2596 61
971 2541 1383 2596 convenientius
1426 2541 1812 2601 collocaretur;
1869 2538 2021 2607 atqui
2077 2537 2267 2590 huius-

229 2618 376 2670 modi
436 2618 738 2686 subjectum
786 2636 898 2670 non
956 2621 1038 2670 est
1088 2617 1194 2668 nisi
1256 2615 1575 2668 universalis
1627 2613 1880 2666 Ecclesiae
1930 2611 2265 2682 suffragium,

230 2711 293 2744 ex
347 2710 454 2760 quo
510 2692 609 2744 sub
661 2692 936 2744 ordinaria
988 2690 1299 2744 assistentia
1340 2688 1576 2758 Spiritus
1628 2688 1802 2741 sancti
1856 2684 2266 2738 infallibilitatis

230 2766 592 2836 praerogativa
629 2766 802 2819 veluti
842 2765 1188 2819 connaturali
1227 2764 1384 2816 modo
1437 2763 1668 2833 exurgit.
1747 2763 1894 2831 Ergo
1952 2760 2265 2828 subjectum,

233 2841 324 2897 cui,
357 2839 604 2893 Christus
645 2841 915 2893 commisit
953 2839 1327 2910 magisterium
1365 2837 1679 2901 infallibile,
1733 2842 1816 2889 est
1853 2833 2107 2887 Ecclesiae
2145 2831 2269 2884 uni-

235 2932 401 2967 versae
442 2933 748 2979 601136113113,
791 2914 1125 2984 suffragium,
1167 2912 1479 2966 auctoritas,

381 2990 443 3042 9⁰
485 2987 541 3041 Si
580 2988 993 3042 infallibilitatis
1033 2988 1129 3040 dos
1167 3006 1279 3039 non
1319 2989 1400 3038 est
1438 2985 1544 3037 nisi
1595 2983 1754 3036 unius
1810 2985 1864 3034 61
1903 2980 2071 3033 3011113
2111 2979 2265 3032 Rom.

234 3063 515 3116 Pontificis
554 3063 902 3134 privilegium
930 3066 983 3115 et
1009 3060 1250 3114 Ecclesia
1287 3079 1400 3112 11011
1439 3059 1513 3111 311
1552 3055 1871 3118 infallibilis,
1912 3054 2020 3107 nisi
2057 3072 2088 3105 a
2111 3053 2266 3106 Rom.

234 3137 499 3190 Pontifice
538 3138 594 3189 id
644 3138 904 3207 accipiat,
961 3135 1208 3188 Christus
1248 3133 1576 3186 instituisset
1626 3131 1685 3182 in
1724 3129 1960 3181 Ecclesia
2009 3126 2272 3197 ejusmodi

235 3211 522 3263 infallibile
558 3212 949 3282 magisterium,
992 3209 1134 3278 quod
1171 3209 1280 3260 nisi
1317 3226 1411 3276 per
1440 3205 1759 3258 continuum
1796 3202 2116 3255 miraculum
2142 3219 2271 3254 con-

237 3287 436 3337 serva-ri
477 3303 588 3336 non
627 3286 830 3354 possit3
873 3284 1014 3354 quod
1053 3301 1164 3335 non
1203 3285 1284 3334 631
1325 3279 1591 3342 credibile,
1635 3277 1779 3347 quod
1816 3276 2046 3329 violaret
2085 3293 2269 3328 omnes

239 3358 362 3410 illas
402 3358 678 3426 sapientiae
717 3378 826 3413 suae
865 3361 1040 3429 legeS,
1095 3375 1225 3425 quas
1271 3374 1383 3407 non
1435 3356 1651 3406 tantum
1689 3352 1747 3403 in
1785 3350 1976 3404 ordine
2014 3349 2267 3411 naturali,

240 3431 331 3484 sed
369 3435 422 3484 et
459 3432 517 3483 in
555 3432 744 3485 ordine
781 3433 971 3503 gratiae
1010 3448 1214 3498 semper
1254 3428 1435 3481 divina
1473 3425 1737 3496 sapientia
1775 3426 2039 3478 observat.
2117 3422 2270 3484 Quod

241 3505 287 3557 si
314 3505 606 3574 aliquando
647 3510 902 3577 exsurget
928 3503 1180 3558 Pontifex
1201 3502 1432 3572 ι1111161113,
1475 3500 1745 3570 corruptis
1783 3498 2041 3560 moribus,
2079 3495 2270 3548 haeresi

241 3580 444 3642 favenS,
473 3580 710 3633 erroneis
734 3579 1080 3650 opinionibus
1107 3577 1328 3630 fortiter
1357 3575 1772 3638 circumventus,
1800 3572 1945 3643 quod
1969 3572 2053 3622 vel
2077 3568 2270 3622 accidit

244 3653 328 3705 vel
365 3653 602 3706 accidere
637 3672 795 3723 posse
835 3671 1018 3707 omnes
1058 3652 1327 3714 fatentur,
1381 3648 1622 3702 Ecclesia
1659 3648 1910 3701 universa
1950 3645 2167 3697 deberet
2203 3642 2270 3694 ad

242 3730 425 3783 tantas
463 3728 742 3801 angustias
780 3727 983 3800 redigi,
1035 3729 1096 3779 ut
1134 3724 1218 3777 vel
1265 3741 1361 3796 per
1398 3723 1674 3778 heroicum
1711 3725 1890 3776 actum
1926 3716 2051 3772 fidei
2090 3715 2274 3771 credat
