2722 4146
424 280 486 334 12

416 427 572 498 regni
613 427 886 489 coelorum,
928 443 1026 477 1166
1065 412 1203 476 alius
1242 424 1525 478 beatorum
1553 425 1836 495 quisquam
1863 444 1950 478 eas
1977 431 2296 495 accepturus
2336 428 2457 479 est?

416 501 569 564 Quod
633 501 677 553 si
728 501 931 552 dictum
970 499 1095 551 hoc:
1130 497 1316 550 «Tibi
1368 499 1501 551 dabo
1551 501 1721 552 claves
1758 501 1911 567 requi
1952 501 2211 553 coelorum
2249 501 2457 554 caeteris

415 593 627 645 quoquc
670 591 948 627 commune
999 577 1096 635 est,
1153 590 1247 624 cur
1288 591 1399 626 11011
1439 574 1601 627 simul
1642 574 1823 627 omnia
1862 579 1916 627 et
1965 593 2082 644 quae
2122 574 2273 643 prius
2314 574 2459 627 dicta

416 654 560 713 sunt,
614 653 668 702 et
720 666 837 717 quae
889 651 1208 716 sequuntur,
1262 648 1412 701 velut
1461 648 1527 700 ad
1568 648 1790 702 Petrum
1830 649 1991 712 dicta,
2047 652 2178 702 sunt
2217 648 2459 700 omnium

415 723 790 776 communia?»

563 798 615 850 S
663 795 969 864 Cyprianus
1009 814 1091 864 ep.
1135 800 1221 847 27.
1265 795 1328 847 de
1368 796 1562 865 lapsis:
1610 796 1718 849 «Et
1765 815 1854 863 cylo
1895 797 2011 849 dico
2051 798 2164 861 tibi,
2222 798 2348 863 quia
2402 802 2459 850 tu

413 889 466 924 es
505 871 714 935 Petrus,
757 875 805 922 et
844 887 1003 935 super
1028 869 1162 922 lianc
1191 875 1404 936 petram
1445 871 1732 938 aedificabo
1774 871 2070 924 Ecclesiam
2097 889 2294 923 meam:
2336 871 2459 924 inde

414 965 508 1014 per
548 950 852 1013 temporum
905 948 960 996 et
1010 945 1407 997 successionum
1459 946 1598 998 vices
1639 945 2035 1014 Episcoporum
2089 946 2363 999 ordinatio
2404 950 2458 999 et

413 1020 664 1072 Ecclesiae
703 1019 846 1071 ratio
884 1018 1154 1071 decurrit:
1202 1023 1262 1071 ut
1299 1018 1536 1071 Ecclesia
1577 1039 1736 1089 super
1764 1021 2061 1089 Episcopos
2090 1020 2458 1073 constituatur

413 1098 466 1147 et
508 1094 681 1146 omnis
722 1099 873 1146 actus
914 1092 1166 1145 Ecclesia¹
1207 1112 1302 1162 per
1343 1095 1552 1146 eosdem
1592 1095 1913 1163 praepositos
1952 1095 2335 1164 gubernetur.»

561 1167 635 1220 Et
694 1169 757 1220 de
815 1169 1019 1220 unitate
1059 1166 1330 1220 Ecclesiae
1389 1186 1502 1237 cap.
1559 1176 1639 1221 4.:
1707 1169 2006 1238 »Loquitur
2066 1168 2333 1221 Dominus
2392 1169 2458 1221 ad

414 1242 660 1295 Petrum:
704 1242 822 1309 Eyo
863 1243 979 1294 dico
1020 1242 1117 1294 tibi
1158 1284 1168 1293 .
1214 1284 1224 1293 .
1270 1283 1280 1293 .
1323 1246 1377 1294 et
1418 1242 1614 1295 iterum
1654 1247 1779 1311 post
1818 1243 2269 1295 resurrectionem
2309 1262 2459 1296 suam

412 1317 582 1368 eidem
621 1317 782 1369 dicit:
826 1316 993 1368 Pasce.
1032 1333 1148 1368 oves
1186 1334 1344 1369 meas.
1426 1316 1598 1386 Super
1652 1318 1807 1369 illum
1858 1337 2024 1369 unum
2077 1317 2305 1370 aedificat
2355 1317 2458 1370 Ec-

413 1391 628 1443 clesiam
668 1410 834 1453 suam,
878 1394 932 1442 et
971 1390 1053 1441 illi
1094 1391 1315 1444 mandat
1368 1392 1658 1460 pascendas
1713 1410 1835 1444 oves
1886 1411 2024 1443 suas,
2104 1391 2176 1443 Et
2216 1391 2458 1460 quamvis

414 1464 695 1534 Apostolis
737 1465 983 1518 omnibus
1024 1469 1149 1533 post
1188 1466 1638 1518 resurrect-ionem
1686 1485 1834 1518 suam
1889 1469 2213 1535 potestatem
2252 1466 2459 1519 tribuat

413 1544 465 1592 et-
518 1540 690 1592 dicat:
746 1539 894 1592 Sicut
944 1541 1091 1591 misit
1143 1557 1221 1592 me
1265 1585 1273 1593 .
1318 1585 1326 1593 .
1373 1585 1382 1594 .
1436 1558 1660 1607 quorum
1704 1542 2019 1593 remiseritis
2063 1583 2070 1590 .
2119 1581 2129 1591 .
2177 1580 2222 1602 .,
2277 1544 2459 1592 tamen

414 1619 475 1666 ut
533 1614 799 1666 unitatem
854 1614 1240 1674 manifestaret,
1302 1634 1464 1666 unam
1523 1615 1827 1667 cathedram
1888 1615 2177 1666 constituit
2230 1614 2458 1667 unitatis

414 1688 649 1753 ejusdem
692 1688 957 1757 originem
999 1688 1064 1739 ab
1114 1707 1223 1740 11110
1271 1689 1623 1757 incipientem
1675 1708 1768 1740 sua
1807 1689 2133 1741 611610111116
2172 1688 2455 1771 disposuit.

413 1761 530 1814 Hoc
572 1766 727 1814 erant
767 1762 954 1830 utique
994 1767 1047 1814 et
1089 1763 1268 1814 caeteri
1310 1762 1583 1831 Apostoli,
1626 1764 1769 1832 quod
1797 1763 1902 1815 fuit
1930 1763 2140 1826 Petrus,
2183 1763 2302 1831 pali
2329 1781 2458 1815 6011-

414 1836 585 1889 sortio
626 1836 840 1905 praediti
880 1840 934 1888 et
973 1837 1197 1888 honmis
1240 1841 1293 1889 et
1334 1838 1637 1906 potestatis,
1695 1838 1782 1889 sed
1825 1837 2101 1890 exordium
2141 1838 2206 1888 ab
2248 1837 2458 1889 unitate

413 1911 777 1979 proficiscitur
816 1914 871 1962 et
910 1909 1180 1963 Primatus
1222 1910 1384 1964 Petro
1425 1912 1601 1975 datur,
1648 1916 1705 1964 ut
1745 1931 1850 1963 una
1892 1911 2093 1964 Christi
2129 1911 2367 1963 Ecclesia
2407 1916 2459 1964 et

414 1984 666 2037 cathedra
717 2003 823 2036 una
874 1988 1209 2037 monstretur
1251 2027 1260 2037 .
1307 2028 1316 2037 .
1363 2029 1373 2038 .
1426 1991 1480 2039 et
1521 1992 1763 2055 pastores
1816 1990 1943 2038 sunt
1984 2004 2184 2048 omneS,
2237 1989 2290 2038 et
2327 2004 2458 2055 grex

411 2078 551 2110 unus
592 2059 917 2122 ostenditur,
961 2059 1054 2127 qui
1093 2060 1158 2111 ab
1200 2061 1482 2128 Apostolis
1525 2061 1772 2113 omnibus
1821 2060 2063 2112 unanimi
2108 2060 2457 2112 consensione

412 2136 680 2202 pascatur,
738 2138 796 2185 111
849 2133 1089 2186 Ecclesia
1141 2134 1341 2186 Christi
1394 2154 1498 2186 una
1553 2139 1890 2187 monstretur
1933 2176 1943 2186 .
1989 2176 1999 2186 .
2044 2176 2053 2185 .
2097 2134 2456 2202 Episcopatus

411 2227 548 2259 unus
588 2211 685 2269 est,
728 2210 877 2276 cujus
917 2227 947 2259 a
987 2207 1219 2277 singulis
1258 2209 1311 2260 in
1355 2209 1585 2261 solidum
1625 2229 1750 2278 pars
1790 2214 2059 2262 tenetur.»

557 2282 915 2349 Hieronymus
952 2282 1043 2334 lib.
1087 2282 1184 2334 ΙΙΙ.
1226 2283 1281 2334 111
1321 2281 1516 2336 Μ61111.
1560 2302 1672 2352 cap.
1708 2289 1810 2337 16.:
1859 2283 2083 2336 «Petrus
2123 2301 2184 2334 ex
2227 2301 2456 2351 persona

411 2356 650 2407 omnium
689 2357 1008 2424 respondet:
1055 2357 1138 2408 Tu
1178 2374 1231 2409 cs
1276 2357 1522 2410 Christus
1561 2358 1743 2410 Filius
1766 2358 1871 2410 Dee·
1910 2359 2030 2411 vivi.
2110 2357 2185 2408 Et
2224 2374 2313 2424 csso
2343 2357 2457 2408 dico

413 2430 510 2480 tibi
553 2475 560 2481 .
607 2472 616 2481 .
662 2472 671 2481 .
715 2430 854 2482 sicut
894 2431 1007 2498 ipse
1046 2431 1226 2482 lumen
1267 2431 1549 2499 Apostolis
1591 2433 1830 2495 donavit,
1885 2437 1946 2485 111
1998 2433 2180 2483 lumen
2219 2431 2456 2500 appella-

411 2507 618 2565 rentur,
662 2507 956 2572 caeteraque
996 2522 1060 2555 ex
1089 2504 1323 2557 Domino
1351 2506 1536 2558 sortiti
1563 2511 1691 2558 sunt
1716 2507 2003 2558 vocabula:
2046 2508 2122 2558 ita
2149 2510 2204 2558 61
2231 2504 2454 2567 Simoni,

414 2576 506 2644 qui
547 2576 794 2629 credebat
835 2577 890 2629 in
933 2582 1141 2646 petram
1183 2578 1472 2642 Christum,
1515 2579 1663 2632 Petri
1701 2580 1933 2650 largitus
1981 2584 2063 2632 est
2102 2597 2313 2632 nomen.
2379 2577 2456 2631 At

412 2650 703 2702 secundum
742 2652 1116 2720 metaphoram
1156 2656 1323 2720 petrae
1351 2657 1495 2705 recte
1522 2653 1719 2705 (licitur
1747 2656 1820 2705 ei:
1865 2654 2137 2705 aedificabo
2169 2653 2455 2705 Ecclesiam

412 2742 582 2776 meam
623 2743 783 2793 super
823 2729 878 2778 te
920 2767 929 2778 .
975 2767 986 2777 .
1031 2767 1041 2778 .
1084 2729 1138 2778 et
1179 2726 1313 2778 dabo
1354 2727 1455 2778 tibi
1498 2768 1508 2778 .
1554 2768 1564 2778 .
1609 2768 1619 2778 .
1662 2727 1836 2779 Istum
1887 2728 2065 2779 locum
2105 2727 2362 2795 Episcopi
2402 2732 2457 2779 et

411 2799 712 2867 presbyteri
752 2819 864 2852 non
905 2799 1293 2870 intelligentes,
1350 2800 1555 2869 aliquid
1608 2801 1710 2852 sibi
1764 2801 1826 2853 de
1868 2801 2265 2853 Pharisaeorum
2304 2818 2454 2853 assu-

411 2877 570 2925 munt
608 2873 913 2942 supercilio,
955 2878 1017 2926 ut
1055 2874 1139 2926 vel
1178 2874 1438 2927 damnent
1463 2875 1796 2938 innocenteS,
1838 2875 1921 2927 vel
1949 2875 2156 2927 solvere
2183 2889 2237 2926 Se
2263 2874 2455 2927 noxios

412 2947 768 2999 arbitrentur.

566 3020 815 3089 Oriyenes
854 3041 918 3074 ex
958 3023 1130 3075 latina
1171 3022 1358 3075 Huetii
1396 3023 1852 3092 interpretatione
1898 3024 1956 3075 in
2006 3042 2066 3075 ea
2119 3024 2311 3075 verba:
2369 3023 2418 3074 T
2416 3041 2454 3076 u

416 3113 469 3147 es
510 3095 711 3148 Petrus
750 3102 874 3150 etc:
917 3097 1216 3159 «Quoniam
1256 3101 1452 3160 autem,
1506 3098 1597 3166 qui
1637 3097 1994 3166 Episcopatus
2052 3098 2228 3149 locum
2269 3097 2455 3149 vendi-

415 3173 556 3230 cant,
600 3169 803 3222 dictum
842 3171 945 3223 hoc
983 3176 1267 3240 usurpant,
1309 3171 1451 3224 sicut
1491 3171 1702 3234 PetruS,
1743 3175 1797 3224 et
1834 3171 2071 3240 acceptis
2110 3190 2141 3223 a
2169 3170 2455 3224 Servatore

414 3241 653 3294 clavibus
704 3245 860 3312 regni
912 3245 1183 3309 coelorum,
1238 3246 1431 3298 docent
1481 3264 1559 3307 ea,
1617 3263 1734 3315 quae
1773 3264 1803 3297 a
1842 3263 1896 3297 se
1949 3245 2117 3315 ligata
2156 3250 2300 3309 sunt,
2353 3245 2455 3298 hoc

414 3319 496 3368 est
535 3316 904 3380 condemnata,
948 3319 1116 3388 ligata
1157 3338 1270 3372 esse
1309 3323 1364 3372 et
1389 3319 1447 3371 in
1475 3320 1650 3372 coelis:
1692 3319 2160 3388 pronuntiandum
2185 3323 2282 3383 est,
2311 3323 2454 3373 recte

413 3389 539 3442 illos
578 3389 767 3453 dicere,
810 3391 854 3442 si
893 3391 1097 3445 factum
1135 3395 1298 3447 etiam
1337 3393 1643 3457 habuerint,
1686 3397 1909 3462 propter
1949 3393 2093 3462 quod
2127 3393 2288 3447 Petro
2328 3393 2454 3446 huic

413 3463 619 3516 dictum
678 3467 787 3516 est:
850 3465 900 3516 Γ
898 3485 934 3518 u
990 3484 1044 3519 es
1083 3467 1314 3534 Petrus‚·
1370 3485 1432 3520 ac
1489 3467 1535 3520 si
1592 3468 1728 3520 tales
1786 3471 1931 3531 sunt,
1990 3471 2053 3520 ut
2110 3486 2270 3536 super
2327 3467 2451 3520 illos

414 3537 707 3590 aedificetur
746 3537 984 3591 Ecclesia
1022 3559 1053 3591 a
1093 3540 1309 3595 Christo
1367 3546 1422 3595 et
1478 3542 1543 3593 ad
1592 3541 1716 3594 illos
1761 3542 1884 3610 jure
1938 3540 1992 3593 id
2032 3542 2225 3594 referri
2262 3540 2449 3611 possit.

415 3610 601 3664 Portae
654 3614 834 3664 autem
891 3611 1054 3664 inferi
1111 3616 1402 3683 praevalere
1459 3633 1572 3668 non
1610 3615 1805 3668 debent
1855 3615 2112 3668 adversus
2162 3633 2298 3679 eum,
2358 3613 2451 3684 qui

413 3683 585 3755 ligare
620 3685 742 3739 vult
779 3689 834 3739 et
870 3685 1128 3740 solvere.»
