2612 4062
2039 238 2137 304 '195

101 398 357 467 Concilii,
398 401 634 473 aliasque
671 398 836 455 toties
877 398 1176 464 0111181111118,
1223 413 1378 469 nego.
1457 395 1663 452 Verum
1702 402 1784 452 est
1821 415 1932 463 me,
1986 398 2140 468 plin-

101 476 256 546 cipiis
298 496 576 548 exegeseos
614 475 1010 540 inhaerentem,
1071 475 1198 528 dum
1236 473 1524 527 scriberem
1564 472 1970 527 observationes
2011 492 2142 542 quas

100 556 212 604 tam
232 551 429 605 acriter
457 550 760 620 increpavit
779 549 1252 604 Eminentissimus
1273 547 1663 613 DubliniensiS,
1697 548 1856 602 aliter
1884 547 2141 600 sensisse·
2130 587 2142 611 ,

101 625 191 678 sed
218 643 276 678 re
295 625 534 694 penitius
561 626 822 694 inspecta,
866 643 1052 678 censeo
1078 625 1143 676 ab
1170 623 1269 675 hac
1291 621 1744 692 interpretatione
1771 621 2142 676 recedendum.

100 699 387 752 Rationem
426 703 664 753 mutatae
702 699 1004 752 sententiae
1041 699 1222 751 affero.

247 773 458 843 Regula
513 774 907 842 interpretandi
947 772 1251 843 Scripturas
1306 770 1463 822 nobis
1514 770 1797 840 imposita,
1856 771 1986 823 haec
2033 774 2142 824 est:

101 866 186 900 eas
240 852 431 900 contra
483 848 789 900 unanimem
828 847 1051 901 Patrum
1110 863 1428 900 consensum
1480 864 1593 898 non
1642 845 2007 914 interpretari.
2089 844 2147 899 Si

102 941 338 991 unquam
378 922 536 975 detur
564 941 856 975 consensus
897 923 998 975 iste
1025 920 1294 974 unanimis
1334 919 1573 972 dubitari
1599 921 1788 989 possit.
1857 920 1937 972 Eo
1965 924 2145 973 tamen

102 997 409 1060 deficiente,
458 997 646 1066 regula
685 997 787 1049 ista
829 997 1042 1050 videtur
1081 995 1238 1049 nobis
1275 995 1447 1065 legem
1486 1013 1686 1062 ponere
1724 996 2009 1064 majorem,
2052 994 2147 1064 qui

101 1071 167 1123 ad
207 1070 613 1123 unanimitatem
655 1071 900 1123 accedere
939 1071 1240 1134 videret-ur,
1301 1072 1517 1138 patrum
1566 1087 1875 1133 numerum,
1938 1068 1996 1121 in
2035 1070 2146 1121 suis

104 1144 413 1213 Scripturae
461 1145 1007 1214 interpretationibus
1048 1143 1318 1214 sequendi.
1398 1142 1517 1195 Hoc
1555 1143 1764 1212 posit0,
1807 1163 1838 1195 a
1879 1143 2148 1196 communi

102 1219 362 1272 hodierna
401 1219 759 1288 explicatione
798 1221 1112 1284 verborum,
1171 1235 1362 1288 «super
1403 1217 1542 1270 hanc
1581 1217 1816 1282 Petram,
1859 1222 1995 1271 etc.»
2039 1219 2147 1271 dis-

102 1294 284 1346 cedere
321 1312 534 1346 necesse
574 1298 671 1347 est.

249 1367 314 1419 In
355 1369 548 1420 eximio
592 1369 878 1437 opuscuIO,
943 1368 1043 1420 «ad
1093 1367 1267 1420 instar
1305 1366 1663 1435 manuscripti
1712 1367 2038 1436 impresso,»
2094 1370 2148 1420 et

103 1442 355 1495 Patribus
395 1446 522 1495 ante
562 1443 694 1495 duos
749 1444 860 1495 fere
900 1460 1107 1495 menses
1147 1442 1287 1495 dono
1339 1442 1494 1504 dato,
1555 1441 1860 1494 invenimus
1909 1442 2149 1512 quinque

104 1517 339 1569 diversas
378 1517 859 1586 interpretationes
899 1517 1047 1569 verbi
1091 1516 1317 1569 «Petra»
1369 1516 1427 1568 in
1466 1516 1584 1568 loco
1626 1516 1822 1578 allat03
1887 1535 2148 1586 «quarum

102 1591 273 1659 prima
331 1591 586 1655 asserit,»
651 1623 715 1629 —
777 1592 937 1644 verba
989 1591 1230 1644 exscribo
1292 1608 1486 1659 «super
1536 1590 1758 1642 Pet-rum
1817 1592 2148 1644 aedificatam

103 1665 422 1729 Ecclesiam,
485 1685 644 1734 quam
694 1671 994 1735 sequuntur
1035 1666 1223 1718 Patres
1274 1665 1678 1734 septemdecim,
1740 1669 1794 1718 et
1831 1665 1974 1718 inter
2014 1666 2149 1718 istos

106 1738 383 1809 Origenes,
414 1739 733 1808 Cyprianus,
769 1740 1148 1808 Hieronymus,
1185 1739 1443 1802 Hilarius,
1473 1738 1710 1808 Cyrillus
1731 1739 2148 1804 Alexandrinus,

105 1813 210 1866 Leo
271 1813 527 1884 Magnus,
595 1813 957 1884 Augustinus.
1063 1813 1302 1866 Secunda
1358 1814 1741 1882 interpretatio
1807 1816 1968 1867 verba
2026 1814 2148 1876 illa,

110 1907 300 1957 «super
339 1889 479 1940 hanc
518 1892 727 1957 petram
768 1889 1057 1941 aedificabo
1098 1888 1390 1942 Ecclesiam
1428 1907 1658 1952 meam,»
1715 1888 2006 1959 intelligit,
2047 1889 2150 1941 Ec-

106 1963 316 2015 clesiam
375 1963 709 2015 aedificatam
769 1982 882 2016 esse
941 1981 1099 2032 super
1158 1982 1341 2016 omnes
1398 1964 1706 2033 apostOIOS,
1769 1983 1903 2032 quos
1955 1963 2150 2016 Petrus

103 2041 327 2106 propter
376 2037 675 2090 Primatum
732 2038 791 2090 in
852 2057 906 2090 se
963 2039 1419 2106 repraesentabat.
1516 2037 1590 2090 Et
1648 2039 1787 2090 hanc
1846 2041 2148 2107 sequuntur

105 2115 228 2164 octo
269 2112 485 2177 Patres,
547 2116 603 2165 et
651 2113 797 2165 inter
849 2113 984 2165 istos
1027 2111 1313 2182 Origenes,
1375 2111 1703 2181 CyprianuS,
1763 2112 2147 2181 HieronmeS,

104 2185 475 2256 Augustinus,
543 2187 933 2239 Theodoretus.
1038 2186 1224 2239 Tertia
1280 2186 1665 2255 interpretatio
1731 2187 1926 2240 asserit
1991 2188 2150 2239 verba

104 2261 224 2312 illa:
289 2279 481 2330 «super
532 2261 671 2314 hanc
718 2265 931 2331 petram
971 2261 1262 2313 aedificabo
1303 2261 1595 2313 Ecclesiam
1645 2281 1880 2326 meam,»
1944 2261 2148 2313 intelli-

104 2334 277 2405 genda
317 2354 428 2388 0880
469 2335 531 2387 (10
570 2336 690 2400 fide,
733 2354 894 2405 quam
921 2336 1194 2387 confessus
1234 2335 1412 2388 fuerat
1437 2335 1649 2400 Petrus,
1692 2341 1753 2389 ut
1782 2336 1988 2388 scilicet
2019 2335 2149 2388 haec

105 2409 264 2474 fides,
323 2410 454 2462 haec
504 2410 769 2479 professio
822 2410 973 2473 fidei,
1035 2428 1139 2478 qua
1180 2410 1441 2462 credimus
1482 2410 1755 2464 Christum
1798 2429 1908 2463 esse
1947 2410 2149 2462 Filium

104 2482 203 2535 Dei
242 2483 383 2547 vivi,
425 2484 498 2537 sit
537 2489 816 2537 aeternum
858 2488 911 2537 et
950 2484 1223 2536 immobile
1263 2484 1672 2538 fundamentum
1711 2485 1996 2538 Ecclesiae.
2076 2485 2150 2537 Et

104 2557 234 2610 haec
271 2558 654 2628 interpretatio
697 2563 777 2612 est
817 2558 1054 2611 omnium
1082 2558 1390 2622 solemnior,
1431 2578 1587 2629 quam
1631 2563 1931 2628 sequuntur
1959 2558 2148 2612 Patres

108 2632 458 2702 doctoresque
517 2634 880 2704 quadraginta
938 2636 1199 2701 quatuor3
1278 2637 1331 2686 et
1381 2633 1525 2686 inter
1579 2634 1740 2697 istos,
1802 2652 1865 2686 ex
1907 2630 2187 2697 Oriente,

107 2704 403 2776 Gregorius
442 2706 720 2772 Nissenus,
772 2707 1007 2776 Cyrillus
1035 2706 1451 2772 Alexandrinus,
1495 2708 1930 2776 Chrysostomus,
1973 2708 2149 2759 Theo-

104 2780 420 2850 phylactus3
487 2801 548 2834 ex
590 2781 897 2845 Occidente,
948 2781 1206 2845 Hilarius,
1247 2779 1583 2847 AmbrosiUS,
1633 2782 1739 2834 Leo
1781 2781 2030 2851 MagnUS,
2084 2800 2147 2833 ex

107 2853 319 2920 Africa,
375 2854 734 2926 Augustinus.
778 2887 844 2894 ——
887 2856 1088 2918 Quarta
1128 2855 1510 2925 interpretatio
1552 2857 1775 2919 asserit,
1834 2857 1997 2908 verba
2035 2856 2146 2921 illa,

112 2947 305 2998 «super
343 2930 482 2983 hanc
529 2935 738 3000 petram
777 2930 1066 2983 aedificabo
1107 2929 1399 2982 Ecclesiam
1438 2950 1642 2982 meam»
1688 2961 1754 2967 —
1795 2930 2149 3000 intelligenda

106 3021 218 3056 esse
258 3004 322 3056 de
361 3004 454 3057 illa
490 3010 660 3074 petra,
703 3024 862 3076 quam
903 3004 1176 3056 confessus
1215 3004 1393 3058 fuerat
1430 3004 1641 3067 PetruS,
1689 3004 1723 3056 i.
1767 3022 1808 3056 0.
1853 3003 2145 3069 Christum,

107 3081 170 3130 ut
226 3078 432 3132 scilicet
482 3079 721 3133 Ecclesia
778 3079 1117 3132 inaedificata
1173 3078 1243 3130 sit
1300 3097 1457 3148 super
1510 3078 1816 3140 Christum;
1896 3082 1951 3131 et
2007 3079 2148 3132 hanc

106 3151 614 3221 interpretationem
652 3158 952 3223 sequuntur
979 3152 1166 3204 Patres
1204 3152 1559 3221 doctoresque
1600 3152 1877 3205 sexdecim.
1945 3152 2148 3215 Quinta

106 3223 330 3279 Patrum
367 3227 748 3297 interpretatio
789 3228 1005 3279 nomine
1025 3225 1214 3279 Petrae
1252 3226 1518 3296 intelligit
1559 3227 1717 3279 etiam
1757 3227 1904 3296 ipsos
1943 3228 2146 3292 fideleS,

109 3300 201 3367 qui
252 3301 526 3356 credentes
577 3302 853 3355 Christum
903 3319 1014 3353 esse
1066 3300 1263 3353 Filium
1313 3300 1414 3352 Dei
1473 3301 1884 3354 constituunt-ur
1942 3302 2146 3371 lapides

109 3373 245 3438 vivi,
299 3393 363 3427 ex
402 3377 598 3445 quibus
637 3376 951 3429 aedificatur
990 3374 1278 3427 Ecclesia.»
1325 3406 1390 3412 -—
1431 3373 1722 3444 Hucusque
1759 3379 1950 3428 auctor
1988 3395 2146 3445 prae-

109 3446 240 3501 dicti
267 3451 530 3518 opusculi,
571 3450 711 3519 apud
738 3468 894 3518 quem
919 3448 1026 3518 legi
1045 3453 1275 3517 possunt
1300 3448 1457 3501 verba
1479 3449 1717 3515 Patrum,
1739 3449 2146 3520 Doctorumque

109 3539 243 3590 quos
282 3524 498 3594 allegat.
1681 3560 1685 3561 ff

119 3622 126 3625 ·
255 3597 339 3650 Ex
387 3598 491 3652 hoc
537 3597 780 3667 sequitur
830 3601 926 3650 aut
972 3595 1181 3648 nullum
1231 3595 1452 3650 omnino
1490 3601 1869 3668 argumentum
1918 3598 1976 3650 in
2016 3616 2145 3666 pro-

109 3670 382 3725 bationem
436 3671 708 3724 Primatus
772 3686 835 3723 ex
891 3669 1069 3724 verbis
1134 3688 1327 3741 «super
1383 3671 1522 3726 hanc
1579 3672 1796 3727 Petram
1853 3671 2154 3725 aedificabo

1793 3759 1880 3804 13*
