<?xml version="1.0" encoding="UTF-8"?>
<!DOCTYPE html PUBLIC "-//W3C//DTD XHTML 1.0 Transitional//EN"
    "http://www.w3.org/TR/xhtml1/DTD/xhtml1-transitional.dtd">
<html xmlns="http://www.w3.org/1999/xhtml" xml:lang="en" lang="en">
 <head>
  <title>
</title>
<meta http-equiv="Content-Type" content="text/html;charset=utf-8" />
  <meta name='ocr-system' content='tesseract 3.04.00' />
  <meta name='ocr-capabilities' content='ocr_page ocr_carea ocr_par ocr_line ocrx_word'/>
</head>
<body>
  <div class='ocr_page' id='page_1' title='image "./a582484600frieuoft_0049.png"; bbox 0 0 2722 4146; ppageno 0'>
   <div class='ocr_carea' id='block_1_1' title="bbox 2247 293 2311 344">
    <p class='ocr_par' dir='ltr' id='par_1_1' title="bbox 2247 293 2311 344">
     <span class='ocr_line' id='line_1_1' title="bbox 2247 293 2311 344; baseline 0 0"><span class='ocrx_word' id='word_1_1' title='bbox 2247 293 2311 344; x_wconf 85' lang='lat'>37</span> 
     </span>
    </p>
   </div>
   <div class='ocr_carea' id='block_1_2' title="bbox 265 431 2316 3778">
    <p class='ocr_par' dir='ltr' id='par_1_2' title="bbox 269 431 2316 1322">
     <span class='ocr_line' id='line_1_2' title="bbox 271 431 2314 501; baseline 0.002 -14"><span class='ocrx_word' id='word_1_2' title='bbox 271 437 405 498; x_wconf 80' lang='lat' dir='ltr'>est,»</span> <span class='ocrx_word' id='word_1_3' title='bbox 447 436 502 486; x_wconf 90' lang='lat' dir='ltr'>et</span> <span class='ocrx_word' id='word_1_4' title='bbox 542 431 701 501; x_wconf 88' lang='lat' dir='ltr'>hujus</span> <span class='ocrx_word' id='word_1_5' title='bbox 740 431 818 484; x_wconf 90' lang='lat' dir='ltr'>rei</span> <span class='ocrx_word' id='word_1_6' title='bbox 858 431 996 484; x_wconf 89' lang='lat' dir='ltr'>hanc</span> <span class='ocrx_word' id='word_1_7' title='bbox 1033 431 1212 486; x_wconf 87' lang='lat' dir='ltr'>reddit</span> <span class='ocrx_word' id='word_1_8' title='bbox 1249 433 1544 487; x_wconf 87' lang='lat' dir='ltr'>rationem:</span> <span class='ocrx_word' id='word_1_9' title='bbox 1586 451 1707 488; x_wconf 92' lang='lat' dir='ltr'>cum</span> <span class='ocrx_word' id='word_1_10' title='bbox 1727 434 1970 488; x_wconf 79' lang='lat' dir='ltr'>Ecclesia</span> <span class='ocrx_word' id='word_1_11' title='bbox 2010 436 2088 490; x_wconf 90' lang='lat' dir='ltr'>sit</span> <span class='ocrx_word' id='word_1_12' title='bbox 2127 437 2314 491; x_wconf 88' lang='lat' dir='ltr'>catho-</span> 
     </span>
     <span class='ocr_line' id='line_1_3' title="bbox 271 505 2315 579; baseline 0.002 -18"><span class='ocrx_word' id='word_1_13' title='bbox 271 508 390 572; x_wconf 89' lang='lat' dir='ltr'>lica,</span> <span class='ocrx_word' id='word_1_14' title='bbox 431 510 487 560; x_wconf 89' lang='lat' dir='ltr'>et</span> <span class='ocrx_word' id='word_1_15' title='bbox 525 505 714 576; x_wconf 89' lang='lat' dir='ltr'>regula</span> <span class='ocrx_word' id='word_1_16' title='bbox 751 505 875 558; x_wconf 91' lang='lat' dir='ltr'>fidei</span> <span class='ocrx_word' id='word_1_17' title='bbox 915 506 1072 560; x_wconf 91' lang='lat' dir='ltr'>debet</span> <span class='ocrx_word' id='word_1_18' title='bbox 1111 523 1223 559; x_wconf 92' lang='lat' dir='ltr'>esse</span> <span class='ocrx_word' id='word_1_19' title='bbox 1273 507 1565 573; x_wconf 87' lang='lat' dir='ltr'>catholica,</span> <span class='ocrx_word' id='word_1_20' title='bbox 1617 509 1863 579; x_wconf 88' lang='lat' dir='ltr'>sequitur</span> <span class='ocrx_word' id='word_1_21' title='bbox 1910 509 2083 562; x_wconf 87' lang='lat' dir='ltr'>enim:</span> <span class='ocrx_word' id='word_1_22' title='bbox 2165 510 2315 565; x_wconf 90' lang='lat' dir='ltr'>«Hoc</span> 
     </span>
     <span class='ocr_line' id='line_1_4' title="bbox 271 580 2314 653; baseline 0.001 -17"><span class='ocrx_word' id='word_1_23' title='bbox 271 586 355 636; x_wconf 91' lang='lat' dir='ltr'>est</span> <span class='ocrx_word' id='word_1_24' title='bbox 392 581 537 634; x_wconf 89' lang='lat' dir='ltr'>enim</span> <span class='ocrx_word' id='word_1_25' title='bbox 574 597 699 632; x_wconf 91' lang='lat' dir='ltr'>vere</span> <span class='ocrx_word' id='word_1_26' title='bbox 739 580 1066 650; x_wconf 82' lang='lat' dir='ltr'>proprieque</span> <span class='ocrx_word' id='word_1_27' title='bbox 1106 581 1447 647; x_wconf 88' lang='lat' dir='ltr'>catholicum,</span> <span class='ocrx_word' id='word_1_28' title='bbox 1497 580 1642 652; x_wconf 72' lang='lat' dir='ltr'>quod</span> <span class='ocrx_word' id='word_1_29' title='bbox 1680 584 1798 653; x_wconf 89' lang='lat' dir='ltr'>ipsa</span> <span class='ocrx_word' id='word_1_30' title='bbox 1835 584 1916 638; x_wconf 90' lang='lat' dir='ltr'>vis</span> <span class='ocrx_word' id='word_1_31' title='bbox 1955 584 2189 639; x_wconf 90' lang='lat' dir='ltr'>nominis</span> <span class='ocrx_word' id='word_1_32' title='bbox 2227 604 2314 638; x_wconf 91' lang='lat' dir='ltr'>ra-</span> 
     </span>
     <span class='ocr_line' id='line_1_5' title="bbox 271 654 2316 728; baseline 0.001 -18"><span class='ocrx_word' id='word_1_33' title='bbox 271 657 460 726; x_wconf 89' lang='lat' dir='ltr'>tioque</span> <span class='ocrx_word' id='word_1_34' title='bbox 498 654 750 718; x_wconf 77' lang='lat' dir='ltr'>declarat,</span> <span class='ocrx_word' id='word_1_35' title='bbox 791 673 910 724; x_wconf 87' lang='lat' dir='ltr'>quae</span> <span class='ocrx_word' id='word_1_36' title='bbox 951 654 1132 707; x_wconf 91' lang='lat' dir='ltr'>omnia</span> <span class='ocrx_word' id='word_1_37' title='bbox 1170 673 1294 708; x_wconf 91' lang='lat' dir='ltr'>vere</span> <span class='ocrx_word' id='word_1_38' title='bbox 1332 657 1710 711; x_wconf 86' lang='lat' dir='ltr'>universaliter</span> <span class='ocrx_word' id='word_1_39' title='bbox 1749 658 2171 728; x_wconf 90' lang='lat' dir='ltr'>comprehendit.</span> <span class='ocrx_word' id='word_1_40' title='bbox 2214 659 2316 713; x_wconf 82' lang='lat' dir='ltr'>Sed</span> 
     </span>
     <span class='ocr_line' id='line_1_6' title="bbox 273 728 2311 803; baseline 0.001 -19"><span class='ocrx_word' id='word_1_41' title='bbox 273 731 374 784; x_wconf 86' lang='lat' dir='ltr'>hoc</span> <span class='ocrx_word' id='word_1_42' title='bbox 411 730 490 783; x_wconf 90' lang='lat' dir='ltr'>ita</span> <span class='ocrx_word' id='word_1_43' title='bbox 529 729 741 782; x_wconf 92' lang='lat' dir='ltr'>demum</span> <span class='ocrx_word' id='word_1_44' title='bbox 779 728 890 793; x_wconf 91' lang='lat' dir='ltr'>fiet,</span> <span class='ocrx_word' id='word_1_45' title='bbox 943 728 990 782; x_wconf 88' lang='lat' dir='ltr'>si</span> <span class='ocrx_word' id='word_1_46' title='bbox 1030 747 1314 799; x_wconf 90' lang='lat' dir='ltr'>sequamur</span> <span class='ocrx_word' id='word_1_47' title='bbox 1365 730 1856 798; x_wconf 71' lang='lat' dir='ltr'>universalitatem,</span> <span class='ocrx_word' id='word_1_48' title='bbox 1909 733 2311 803; x_wconf 85' lang='lat' dir='ltr'>antiquitatem,</span> 
     </span>
     <span class='ocr_line' id='line_1_7' title="bbox 273 801 2314 873; baseline 0.002 -15"><span class='ocrx_word' id='word_1_49' title='bbox 273 803 698 858; x_wconf 80' lang='lat' dir='ltr'>consensionem.</span> <span class='ocrx_word' id='word_1_50' title='bbox 779 801 1074 872; x_wconf 80' lang='lat' dir='ltr'>Sequemur</span> <span class='ocrx_word' id='word_1_51' title='bbox 1126 807 1307 857; x_wconf 87' lang='lat' dir='ltr'>autem</span> <span class='ocrx_word' id='word_1_52' title='bbox 1356 805 1820 860; x_wconf 82' lang='lat' dir='ltr'>universalitatem</span> <span class='ocrx_word' id='word_1_53' title='bbox 1870 807 1973 860; x_wconf 90' lang='lat' dir='ltr'>hoc</span> <span class='ocrx_word' id='word_1_54' title='bbox 2023 809 2214 873; x_wconf 89' lang='lat' dir='ltr'>modo,</span> <span class='ocrx_word' id='word_1_55' title='bbox 2269 809 2314 862; x_wconf 92' lang='lat' dir='ltr'>si</span> 
     </span>
     <span class='ocr_line' id='line_1_8' title="bbox 270 877 2312 950; baseline 0.001 -17"><span class='ocrx_word' id='word_1_56' title='bbox 270 881 410 934; x_wconf 91' lang='lat' dir='ltr'>hanc</span> <span class='ocrx_word' id='word_1_57' title='bbox 450 897 611 931; x_wconf 91' lang='lat' dir='ltr'>unam</span> <span class='ocrx_word' id='word_1_58' title='bbox 650 877 810 930; x_wconf 89' lang='lat' dir='ltr'>fidem</span> <span class='ocrx_word' id='word_1_59' title='bbox 850 895 1030 930; x_wconf 91' lang='lat' dir='ltr'>veram</span> <span class='ocrx_word' id='word_1_60' title='bbox 1083 897 1196 931; x_wconf 90' lang='lat' dir='ltr'>esse</span> <span class='ocrx_word' id='word_1_61' title='bbox 1235 879 1530 944; x_wconf 80' lang='lat' dir='ltr'>fateamur,</span> <span class='ocrx_word' id='word_1_62' title='bbox 1585 899 1744 949; x_wconf 91' lang='lat' dir='ltr'>quam</span> <span class='ocrx_word' id='word_1_63' title='bbox 1797 885 1919 935; x_wconf 86' lang='lat' dir='ltr'>tota</span> <span class='ocrx_word' id='word_1_64' title='bbox 1967 901 2063 950; x_wconf 92' lang='lat' dir='ltr'>per</span> <span class='ocrx_word' id='word_1_65' title='bbox 2116 882 2312 936; x_wconf 87' lang='lat' dir='ltr'>Orbem</span> 
     </span>
     <span class='ocr_line' id='line_1_9' title="bbox 272 952 2314 1023; baseline 0.002 -16"><span class='ocrx_word' id='word_1_66' title='bbox 272 958 540 1008; x_wconf 85' lang='lat' dir='ltr'>terrarum</span> <span class='ocrx_word' id='word_1_67' title='bbox 591 952 885 1005; x_wconf 88' lang='lat' dir='ltr'>confitetur</span> <span class='ocrx_word' id='word_1_68' title='bbox 949 952 1214 1005; x_wconf 85' lang='lat' dir='ltr'>Ecclesia:</span> <span class='ocrx_word' id='word_1_69' title='bbox 1268 953 1675 1023; x_wconf 74' lang='lat' dir='ltr'>antiquitatem,</span> <span class='ocrx_word' id='word_1_70' title='bbox 1729 955 1774 1008; x_wconf 91' lang='lat' dir='ltr'>si</span> <span class='ocrx_word' id='word_1_71' title='bbox 1823 957 1888 1008; x_wconf 90' lang='lat' dir='ltr'>ab</span> <span class='ocrx_word' id='word_1_72' title='bbox 1940 955 2024 1009; x_wconf 92' lang='lat' dir='ltr'>his</span> <span class='ocrx_word' id='word_1_73' title='bbox 2073 958 2314 1011; x_wconf 87' lang='lat' dir='ltr'>sensibus</span> 
     </span>
     <span class='ocr_line' id='line_1_10' title="bbox 269 1026 2314 1098; baseline 0.002 -18"><span class='ocrx_word' id='word_1_74' title='bbox 269 1028 581 1081; x_wconf 86' lang='lat' dir='ltr'>nullatenus</span> <span class='ocrx_word' id='word_1_75' title='bbox 632 1026 962 1092; x_wconf 78' lang='lat' dir='ltr'>recedamuS,</span> <span class='ocrx_word' id='word_1_76' title='bbox 1011 1046 1145 1096; x_wconf 92' lang='lat' dir='ltr'>quos</span> <span class='ocrx_word' id='word_1_77' title='bbox 1196 1031 1414 1081; x_wconf 90' lang='lat' dir='ltr'>sanctos</span> <span class='ocrx_word' id='word_1_78' title='bbox 1463 1030 1691 1098; x_wconf 89' lang='lat' dir='ltr'>majores</span> <span class='ocrx_word' id='word_1_79' title='bbox 1741 1048 1802 1082; x_wconf 90' lang='lat' dir='ltr'>ac</span> <span class='ocrx_word' id='word_1_80' title='bbox 1853 1030 2042 1083; x_wconf 86' lang='lat' dir='ltr'>Patres</span> <span class='ocrx_word' id='word_1_81' title='bbox 2095 1036 2314 1085; x_wconf 89' lang='lat' dir='ltr'>nostros</span> 
     </span>
     <span class='ocr_line' id='line_1_11' title="bbox 270 1100 2315 1173; baseline 0.001 -18"><span class='ocrx_word' id='word_1_82' title='bbox 270 1103 563 1155; x_wconf 88' lang='lat' dir='ltr'>celebrasse</span> <span class='ocrx_word' id='word_1_83' title='bbox 601 1100 949 1154; x_wconf 85' lang='lat' dir='ltr'>manifestum</span> <span class='ocrx_word' id='word_1_84' title='bbox 1000 1105 1109 1155; x_wconf 90' lang='lat' dir='ltr'>est:</span> <span class='ocrx_word' id='word_1_85' title='bbox 1164 1103 1568 1155; x_wconf 87' lang='lat' dir='ltr'>consensionem</span> <span class='ocrx_word' id='word_1_86' title='bbox 1619 1122 1831 1173; x_wconf 90' lang='lat' dir='ltr'>quoque</span> <span class='ocrx_word' id='word_1_87' title='bbox 1881 1105 2096 1170; x_wconf 90' lang='lat' dir='ltr'>itidem,</span> <span class='ocrx_word' id='word_1_88' title='bbox 2162 1106 2208 1158; x_wconf 93' lang='lat' dir='ltr'>si</span> <span class='ocrx_word' id='word_1_89' title='bbox 2258 1106 2315 1158; x_wconf 89' lang='lat' dir='ltr'>in</span> 
     </span>
     <span class='ocr_line' id='line_1_12' title="bbox 270 1176 2313 1249; baseline 0.002 -20"><span class='ocrx_word' id='word_1_90' title='bbox 270 1177 388 1247; x_wconf 92' lang='lat' dir='ltr'>ipsa</span> <span class='ocrx_word' id='word_1_91' title='bbox 426 1180 698 1230; x_wconf 87' lang='lat' dir='ltr'>vetustate</span> <span class='ocrx_word' id='word_1_92' title='bbox 737 1176 980 1228; x_wconf 91' lang='lat' dir='ltr'>omnium</span> <span class='ocrx_word' id='word_1_93' title='bbox 1018 1177 1102 1228; x_wconf 92' lang='lat' dir='ltr'>vel</span> <span class='ocrx_word' id='word_1_94' title='bbox 1144 1180 1287 1230; x_wconf 90' lang='lat' dir='ltr'>certe</span> <span class='ocrx_word' id='word_1_95' title='bbox 1312 1195 1449 1246; x_wconf 92' lang='lat' dir='ltr'>pene</span> <span class='ocrx_word' id='word_1_96' title='bbox 1475 1177 1717 1230; x_wconf 89' lang='lat' dir='ltr'>omnium</span> <span class='ocrx_word' id='word_1_97' title='bbox 1744 1179 2082 1232; x_wconf 88' lang='lat' dir='ltr'>sacerdotum</span> <span class='ocrx_word' id='word_1_98' title='bbox 2108 1181 2313 1249; x_wconf 86' lang='lat' dir='ltr'>pariter</span> 
     </span>
     <span class='ocr_line' id='line_1_13' title="bbox 271 1250 1932 1322; baseline -0.004 -16"><span class='ocrx_word' id='word_1_99' title='bbox 271 1256 324 1306; x_wconf 88' lang='lat' dir='ltr'>et</span> <span class='ocrx_word' id='word_1_100' title='bbox 363 1250 751 1321; x_wconf 86' lang='lat' dir='ltr'>magistrorum</span> <span class='ocrx_word' id='word_1_101' title='bbox 791 1250 1132 1304; x_wconf 89' lang='lat' dir='ltr'>definitiones</span> <span class='ocrx_word' id='word_1_102' title='bbox 1173 1252 1578 1322; x_wconf 89' lang='lat' dir='ltr'>sententiasque</span> <span class='ocrx_word' id='word_1_103' title='bbox 1618 1255 1932 1305; x_wconf 79' lang='lat' dir='ltr'>sectemur.«</span> 
     </span>
    </p>

    <p class='ocr_par' dir='ltr' id='par_1_3' title="bbox 265 1324 2315 3032">
     <span class='ocr_line' id='line_1_14' title="bbox 419 1324 2313 1396; baseline 0 -16"><span class='ocrx_word' id='word_1_104' title='bbox 419 1325 473 1380; x_wconf 82' lang='lat' dir='ltr'>S.</span> <span class='ocrx_word' id='word_1_105' title='bbox 515 1325 771 1378; x_wconf 78' lang='lat' dir='ltr'>Irenaeus</span> <span class='ocrx_word' id='word_1_106' title='bbox 809 1325 902 1378; x_wconf 89' lang='lat' dir='ltr'>lib.</span> <span class='ocrx_word' id='word_1_107' title='bbox 944 1324 1043 1378; x_wconf 93' lang='grc' dir='ltr'><strong>ΙΙΙ.</strong></span> <span class='ocrx_word' id='word_1_108' title='bbox 1087 1329 1229 1379; x_wconf 87' lang='lat' dir='ltr'>cont.</span> <span class='ocrx_word' id='word_1_109' title='bbox 1272 1325 1454 1379; x_wconf 80' lang='lat' dir='ltr'>haeres.</span> <span class='ocrx_word' id='word_1_110' title='bbox 1497 1344 1539 1379; x_wconf 92' lang='lat' dir='ltr'>c.</span> <span class='ocrx_word' id='word_1_111' title='bbox 1584 1331 1631 1380; x_wconf 87' lang='lat'>2.</span> <span class='ocrx_word' id='word_1_112' title='bbox 1675 1327 1964 1380; x_wconf 87' lang='lat' dir='ltr'>constituit</span> <span class='ocrx_word' id='word_1_113' title='bbox 2004 1346 2313 1396; x_wconf 89' lang='lat' dir='ltr'>supremum</span> 
     </span>
     <span class='ocr_line' id='line_1_15' title="bbox 270 1399 2311 1471; baseline 0.001 -19"><span class='ocrx_word' id='word_1_114' title='bbox 270 1399 642 1471; x_wconf 86' lang='lat' dir='ltr'>magisterium</span> <span class='ocrx_word' id='word_1_115' title='bbox 681 1403 736 1453; x_wconf 85' lang='lat' dir='ltr'>et</span> <span class='ocrx_word' id='word_1_116' title='bbox 773 1399 1017 1470; x_wconf 88' lang='lat' dir='ltr'>regulam</span> <span class='ocrx_word' id='word_1_117' title='bbox 1056 1400 1179 1452; x_wconf 90' lang='lat' dir='ltr'>fidei</span> <span class='ocrx_word' id='word_1_118' title='bbox 1211 1401 1490 1470; x_wconf 88' lang='lat' dir='ltr'>antiquam</span> <span class='ocrx_word' id='word_1_119' title='bbox 1510 1399 1904 1470; x_wconf 86' lang='lat' dir='ltr'>Apostolorum</span> <span class='ocrx_word' id='word_1_120' title='bbox 1942 1402 2311 1467; x_wconf 85' lang='lat' dir='ltr'>traditionem,</span> 
     </span>
     <span class='ocr_line' id='line_1_16' title="bbox 270 1474 2313 1546; baseline 0.001 -18"><span class='ocrx_word' id='word_1_121' title='bbox 270 1475 578 1528; x_wconf 87' lang='lat' dir='ltr'>unanimem</span> <span class='ocrx_word' id='word_1_122' title='bbox 641 1474 984 1527; x_wconf 89' lang='lat' dir='ltr'>ecclesiarum</span> <span class='ocrx_word' id='word_1_123' title='bbox 1022 1474 1490 1542; x_wconf 81' lang='lat' dir='ltr'>praedicationem:</span> <span class='ocrx_word' id='word_1_124' title='bbox 1558 1476 1649 1528; x_wconf 92' lang='lat' dir='ltr'>sed</span> <span class='ocrx_word' id='word_1_125' title='bbox 1704 1475 1829 1544; x_wconf 92' lang='lat' dir='ltr'>quia</span> <span class='ocrx_word' id='word_1_126' title='bbox 1887 1476 2115 1546; x_wconf 89' lang='lat' dir='ltr'>longum</span> <span class='ocrx_word' id='word_1_127' title='bbox 2174 1482 2313 1530; x_wconf 87' lang='lat' dir='ltr'>esset</span> 
     </span>
     <span class='ocr_line' id='line_1_17' title="bbox 271 1548 2315 1620; baseline 0 -17"><span class='ocrx_word' id='word_1_128' title='bbox 271 1549 510 1603; x_wconf 89' lang='lat' dir='ltr'>omnium</span> <span class='ocrx_word' id='word_1_129' title='bbox 549 1548 893 1602; x_wconf 88' lang='lat' dir='ltr'>ecclesiarum</span> <span class='ocrx_word' id='word_1_130' title='bbox 934 1567 1257 1618; x_wconf 85' lang='lat' dir='ltr'>cognoscere</span> <span class='ocrx_word' id='word_1_131' title='bbox 1298 1549 1671 1611; x_wconf 85' lang='lat' dir='ltr'>traditionem;</span> <span class='ocrx_word' id='word_1_132' title='bbox 1713 1549 1960 1602; x_wconf 87' lang='lat' dir='ltr'>sufficere</span> <span class='ocrx_word' id='word_1_133' title='bbox 1995 1568 2315 1620; x_wconf 84' lang='lat' dir='ltr'>cognoscere</span> 
     </span>
     <span class='ocr_line' id='line_1_18' title="bbox 270 1622 2313 1693; baseline 0 -16"><span class='ocrx_word' id='word_1_134' title='bbox 270 1624 620 1677; x_wconf 84' lang='lat' dir='ltr'>traditionem</span> <span class='ocrx_word' id='word_1_135' title='bbox 660 1623 895 1676; x_wconf 87' lang='lat' dir='ltr'>ecclesiae</span> <span class='ocrx_word' id='word_1_136' title='bbox 934 1622 1088 1675; x_wconf 86' lang='lat' dir='ltr'>Rom.</span> <span class='ocrx_word' id='word_1_137' title='bbox 1125 1623 1184 1675; x_wconf 89' lang='lat' dir='ltr'>in</span> <span class='ocrx_word' id='word_1_138' title='bbox 1224 1642 1344 1692; x_wconf 88' lang='lat' dir='ltr'>qua,</span> <span class='ocrx_word' id='word_1_139' title='bbox 1386 1623 1512 1692; x_wconf 90' lang='lat' dir='ltr'>quia</span> <span class='ocrx_word' id='word_1_140' title='bbox 1550 1623 1618 1676; x_wconf 92' lang='lat' dir='ltr'>ad</span> <span class='ocrx_word' id='word_1_141' title='bbox 1656 1624 1829 1692; x_wconf 88' lang='lat' dir='ltr'>ipsam</span> <span class='ocrx_word' id='word_1_142' title='bbox 1867 1627 2095 1693; x_wconf 90' lang='lat' dir='ltr'>propter</span> <span class='ocrx_word' id='word_1_143' title='bbox 2134 1626 2313 1693; x_wconf 89' lang='lat' dir='ltr'>potio-</span> 
     </span>
     <span class='ocr_line' id='line_1_19' title="bbox 268 1697 2313 1766; baseline 0.001 -16"><span class='ocrx_word' id='word_1_144' title='bbox 268 1717 383 1750; x_wconf 90' lang='lat' dir='ltr'>rem</span> <span class='ocrx_word' id='word_1_145' title='bbox 409 1697 870 1766; x_wconf 88' lang='lat' dir='ltr'>principalitatem</span> <span class='ocrx_word' id='word_1_146' title='bbox 896 1715 1080 1749; x_wconf 88' lang='lat' dir='ltr'>omnes</span> <span class='ocrx_word' id='word_1_147' title='bbox 1107 1697 1343 1750; x_wconf 82' lang='lat' dir='ltr'>ecclesiae</span> <span class='ocrx_word' id='word_1_148' title='bbox 1372 1697 1670 1760; x_wconf 89' lang='lat' dir='ltr'>confluunt,</span> <span class='ocrx_word' id='word_1_149' title='bbox 1702 1698 1941 1751; x_wconf 89' lang='lat' dir='ltr'>omnium</span> <span class='ocrx_word' id='word_1_150' title='bbox 1970 1698 2313 1752; x_wconf 87' lang='lat' dir='ltr'>ecclesiarum</span> 
     </span>
     <span class='ocr_line' id='line_1_20' title="bbox 269 1771 2313 1843; baseline 0 -17"><span class='ocrx_word' id='word_1_151' title='bbox 269 1771 493 1826; x_wconf 88' lang='lat' dir='ltr'>traditio</span> <span class='ocrx_word' id='word_1_152' title='bbox 532 1771 905 1824; x_wconf 89' lang='lat' dir='ltr'>reassumitur.</span> <span class='ocrx_word' id='word_1_153' title='bbox 984 1771 1069 1823; x_wconf 88' lang='lat' dir='ltr'>En</span> <span class='ocrx_word' id='word_1_154' title='bbox 1113 1772 1224 1840; x_wconf 86' lang='lat' dir='ltr'>ejus</span> <span class='ocrx_word' id='word_1_155' title='bbox 1264 1771 1452 1824; x_wconf 86' lang='lat' dir='ltr'>verba:</span> <span class='ocrx_word' id='word_1_156' title='bbox 1499 1772 1902 1825; x_wconf 82' lang='lat' dir='ltr'>«Traditionem</span> <span class='ocrx_word' id='word_1_157' title='bbox 1941 1773 2124 1842; x_wconf 88' lang='lat' dir='ltr'>itaque</span> <span class='ocrx_word' id='word_1_158' title='bbox 2163 1772 2313 1843; x_wconf 91' lang='lat' dir='ltr'>Apo-</span> 
     </span>
     <span class='ocr_line' id='line_1_21' title="bbox 271 1845 2313 1901; baseline 0 -1"><span class='ocrx_word' id='word_1_159' title='bbox 271 1847 539 1900; x_wconf 88' lang='lat' dir='ltr'>stolorum</span> <span class='ocrx_word' id='word_1_160' title='bbox 578 1845 635 1898; x_wconf 89' lang='lat' dir='ltr'>in</span> <span class='ocrx_word' id='word_1_161' title='bbox 672 1849 793 1899; x_wconf 88' lang='lat' dir='ltr'>toto</span> <span class='ocrx_word' id='word_1_162' title='bbox 835 1845 1034 1897; x_wconf 92' lang='lat' dir='ltr'>mundo</span> <span class='ocrx_word' id='word_1_163' title='bbox 1076 1845 1477 1899; x_wconf 87' lang='lat' dir='ltr'>manifestatam</span> <span class='ocrx_word' id='word_1_164' title='bbox 1516 1846 1570 1898; x_wconf 90' lang='lat' dir='ltr'>in</span> <span class='ocrx_word' id='word_1_165' title='bbox 1614 1846 1760 1899; x_wconf 90' lang='lat' dir='ltr'>omni</span> <span class='ocrx_word' id='word_1_166' title='bbox 1801 1846 2024 1900; x_wconf 87' lang='lat' dir='ltr'>ecclesia</span> <span class='ocrx_word' id='word_1_167' title='bbox 2051 1847 2200 1901; x_wconf 90' lang='lat' dir='ltr'>adest</span> <span class='ocrx_word' id='word_1_168' title='bbox 2228 1867 2313 1901; x_wconf 93' lang='lat' dir='ltr'>re-</span> 
     </span>
     <span class='ocr_line' id='line_1_22' title="bbox 270 1919 2314 1990; baseline 0 -16"><span class='ocrx_word' id='word_1_169' title='bbox 270 1921 472 1990; x_wconf 88' lang='lat' dir='ltr'>spicere</span> <span class='ocrx_word' id='word_1_170' title='bbox 512 1920 776 1983; x_wconf 83' lang='lat' dir='ltr'>omnibuS,</span> <span class='ocrx_word' id='word_1_171' title='bbox 819 1919 912 1988; x_wconf 86' lang='lat' dir='ltr'>qui</span> <span class='ocrx_word' id='word_1_172' title='bbox 951 1919 1123 1973; x_wconf 89' lang='lat' dir='ltr'>velint</span> <span class='ocrx_word' id='word_1_173' title='bbox 1163 1939 1289 1972; x_wconf 91' lang='lat' dir='ltr'>vera</span> <span class='ocrx_word' id='word_1_174' title='bbox 1327 1919 1541 1972; x_wconf 89' lang='lat' dir='ltr'>videre:</span> <span class='ocrx_word' id='word_1_175' title='bbox 1584 1925 1637 1975; x_wconf 92' lang='lat' dir='ltr'>et</span> <span class='ocrx_word' id='word_1_176' title='bbox 1677 1921 1931 1974; x_wconf 90' lang='lat' dir='ltr'>habemus</span> <span class='ocrx_word' id='word_1_177' title='bbox 1958 1940 2314 1975; x_wconf 88' lang='lat' dir='ltr'>annumerare</span> 
     </span>
     <span class='ocr_line' id='line_1_23' title="bbox 270 1993 2313 2065; baseline 0.001 -17"><span class='ocrx_word' id='word_1_178' title='bbox 270 2015 385 2059; x_wconf 83' lang='grc'><strong>603,</strong></span> <span class='ocrx_word' id='word_1_179' title='bbox 446 1995 540 2065; x_wconf 89' lang='lat' dir='ltr'>qui</span> <span class='ocrx_word' id='word_1_180' title='bbox 585 1996 650 2048; x_wconf 89' lang='lat' dir='ltr'>ab</span> <span class='ocrx_word' id='word_1_181' title='bbox 708 1993 993 2063; x_wconf 86' lang='lat' dir='ltr'>Apostolis</span> <span class='ocrx_word' id='word_1_182' title='bbox 1051 1994 1295 2048; x_wconf 86' lang='lat' dir='ltr'>instituti</span> <span class='ocrx_word' id='word_1_183' title='bbox 1348 1998 1477 2048; x_wconf 90' lang='lat' dir='ltr'>sunt</span> <span class='ocrx_word' id='word_1_184' title='bbox 1534 1995 1821 2064; x_wconf 88' lang='lat' dir='ltr'>Episcopi,</span> <span class='ocrx_word' id='word_1_185' title='bbox 1878 1999 1932 2050; x_wconf 89' lang='lat' dir='ltr'>et</span> <span class='ocrx_word' id='word_1_186' title='bbox 1982 2014 2313 2051; x_wconf 86' lang='lat' dir='ltr'>successores</span> 
     </span>
     <span class='ocr_line' id='line_1_24' title="bbox 268 2067 2310 2140; baseline 0 -17"><span class='ocrx_word' id='word_1_187' title='bbox 268 2089 454 2123; x_wconf 92' lang='lat' dir='ltr'>eorum</span> <span class='ocrx_word' id='word_1_188' title='bbox 492 2088 661 2139; x_wconf 92' lang='lat' dir='ltr'>usque</span> <span class='ocrx_word' id='word_1_189' title='bbox 699 2069 766 2121; x_wconf 90' lang='lat' dir='ltr'>ad</span> <span class='ocrx_word' id='word_1_190' title='bbox 805 2087 904 2122; x_wconf 90' lang='lat' dir='ltr'>nos</span> <span class='ocrx_word' id='word_1_191' title='bbox 946 2111 956 2122; x_wconf 96' lang='lat'>.</span> <span class='ocrx_word' id='word_1_192' title='bbox 1001 2110 1012 2121; x_wconf 95' lang='lat'><strong>.</strong></span> <span class='ocrx_word' id='word_1_193' title='bbox 1056 2111 1067 2121; x_wconf 91' lang='lat'><strong>.</strong></span> <span class='ocrx_word' id='word_1_194' title='bbox 1111 2067 1212 2122; x_wconf 79' lang='lat' dir='ltr'>Sed</span> <span class='ocrx_word' id='word_1_195' title='bbox 1253 2070 1508 2138; x_wconf 89' lang='lat' dir='ltr'>quoniam</span> <span class='ocrx_word' id='word_1_196' title='bbox 1548 2070 1702 2122; x_wconf 90' lang='lat' dir='ltr'>valde</span> <span class='ocrx_word' id='word_1_197' title='bbox 1740 2071 1964 2140; x_wconf 88' lang='lat' dir='ltr'>longum</span> <span class='ocrx_word' id='word_1_198' title='bbox 2004 2074 2086 2123; x_wconf 92' lang='lat' dir='ltr'>est</span> <span class='ocrx_word' id='word_1_199' title='bbox 2125 2071 2183 2123; x_wconf 94' lang='lat' dir='ltr'>in</span> <span class='ocrx_word' id='word_1_200' title='bbox 2208 2072 2310 2125; x_wconf 92' lang='lat' dir='ltr'>hoc</span> 
     </span>
     <span class='ocr_line' id='line_1_25' title="bbox 266 2143 2305 2208; baseline 0 -11"><span class='ocrx_word' id='word_1_201' title='bbox 266 2145 367 2198; x_wconf 89' lang='lat' dir='ltr'>tali</span> <span class='ocrx_word' id='word_1_202' title='bbox 387 2144 659 2197; x_wconf 90' lang='lat' dir='ltr'>volumine</span> <span class='ocrx_word' id='word_1_203' title='bbox 688 2143 930 2197; x_wconf 89' lang='lat' dir='ltr'>omnium</span> <span class='ocrx_word' id='word_1_204' title='bbox 956 2143 1300 2196; x_wconf 87' lang='lat' dir='ltr'>ecclesiarum</span> <span class='ocrx_word' id='word_1_205' title='bbox 1321 2161 1632 2197; x_wconf 88' lang='lat' dir='ltr'>enumerare</span> <span class='ocrx_word' id='word_1_206' title='bbox 1653 2144 2033 2208; x_wconf 88' lang='lat' dir='ltr'>successiones,</span> <span class='ocrx_word' id='word_1_207' title='bbox 2062 2145 2305 2202; x_wconf 85' lang='lat' dir='ltr'>maximae</span> 
     </span>
     <span class='ocr_line' id='line_1_26' title="bbox 267 2217 2308 2290; baseline 0 -19"><span class='ocrx_word' id='word_1_208' title='bbox 267 2223 321 2272; x_wconf 92' lang='lat' dir='ltr'>et</span> <span class='ocrx_word' id='word_1_209' title='bbox 359 2218 751 2287; x_wconf 79' lang='lat' dir='ltr'>antiquissimae</span> <span class='ocrx_word' id='word_1_210' title='bbox 772 2221 828 2270; x_wconf 93' lang='lat' dir='ltr'>et</span> <span class='ocrx_word' id='word_1_211' title='bbox 863 2217 1112 2270; x_wconf 91' lang='lat' dir='ltr'>omnibus</span> <span class='ocrx_word' id='word_1_212' title='bbox 1141 2218 1390 2288; x_wconf 65' lang='lat' dir='ltr'>cognitae,</span> <span class='ocrx_word' id='word_1_213' title='bbox 1429 2237 1460 2270; x_wconf 91' lang='lat' dir='ltr'>a</span> <span class='ocrx_word' id='word_1_214' title='bbox 1485 2218 1895 2288; x_wconf 84' lang='lat' dir='ltr'>gloriosissimis</span> <span class='ocrx_word' id='word_1_215' title='bbox 1923 2219 2128 2272; x_wconf 90' lang='lat' dir='ltr'>duobus</span> <span class='ocrx_word' id='word_1_216' title='bbox 2157 2218 2308 2290; x_wconf 88' lang='lat' dir='ltr'>Apo-</span> 
     </span>
     <span class='ocr_line' id='line_1_27' title="bbox 267 2291 2307 2357; baseline -0 -10"><span class='ocrx_word' id='word_1_217' title='bbox 267 2293 424 2347; x_wconf 87' lang='lat' dir='ltr'>stolis</span> <span class='ocrx_word' id='word_1_218' title='bbox 464 2293 626 2346; x_wconf 86' lang='lat' dir='ltr'>Petro</span> <span class='ocrx_word' id='word_1_219' title='bbox 667 2296 722 2346; x_wconf 89' lang='lat' dir='ltr'>et</span> <span class='ocrx_word' id='word_1_220' title='bbox 759 2291 929 2344; x_wconf 90' lang='lat' dir='ltr'>Paulo</span> <span class='ocrx_word' id='word_1_221' title='bbox 970 2291 1156 2344; x_wconf 79' lang='lat' dir='ltr'>Romae</span> <span class='ocrx_word' id='word_1_222' title='bbox 1196 2292 1437 2345; x_wconf 86' lang='lat' dir='ltr'>fundatae</span> <span class='ocrx_word' id='word_1_223' title='bbox 1477 2296 1530 2345; x_wconf 92' lang='lat' dir='ltr'>et</span> <span class='ocrx_word' id='word_1_224' title='bbox 1558 2293 1871 2346; x_wconf 76' lang='lat' dir='ltr'>constitutae</span> <span class='ocrx_word' id='word_1_225' title='bbox 1899 2293 2149 2357; x_wconf 79' lang='lat' dir='ltr'>ecclesiae,</span> <span class='ocrx_word' id='word_1_226' title='bbox 2193 2313 2307 2347; x_wconf 88' lang='lat' dir='ltr'>eam</span> 
     </span>
     <span class='ocr_line' id='line_1_28' title="bbox 267 2364 2308 2437; baseline 0 -17"><span class='ocrx_word' id='word_1_227' title='bbox 267 2386 427 2437; x_wconf 91' lang='lat' dir='ltr'>quam</span> <span class='ocrx_word' id='word_1_228' title='bbox 465 2367 628 2420; x_wconf 87' lang='lat' dir='ltr'>habet</span> <span class='ocrx_word' id='word_1_229' title='bbox 665 2367 732 2418; x_wconf 91' lang='lat' dir='ltr'>ab</span> <span class='ocrx_word' id='word_1_230' title='bbox 771 2364 1058 2434; x_wconf 88' lang='lat' dir='ltr'>Apostolis</span> <span class='ocrx_word' id='word_1_231' title='bbox 1096 2366 1447 2419; x_wconf 90' lang='lat' dir='ltr'>traditionem</span> <span class='ocrx_word' id='word_1_232' title='bbox 1486 2370 1540 2420; x_wconf 87' lang='lat' dir='ltr'>et</span> <span class='ocrx_word' id='word_1_233' title='bbox 1579 2368 1963 2420; x_wconf 86' lang='lat' dir='ltr'>annunciatam</span> <span class='ocrx_word' id='word_1_234' title='bbox 2001 2367 2308 2421; x_wconf 87' lang='lat' dir='ltr'>hominibus</span> 
     </span>
     <span class='ocr_line' id='line_1_29' title="bbox 267 2440 2307 2511; baseline 0 -17"><span class='ocrx_word' id='word_1_235' title='bbox 267 2443 442 2506; x_wconf 85' lang='lat' dir='ltr'>fidem,</span> <span class='ocrx_word' id='word_1_236' title='bbox 483 2459 579 2510; x_wconf 92' lang='lat' dir='ltr'>per</span> <span class='ocrx_word' id='word_1_237' title='bbox 620 2440 980 2493; x_wconf 88' lang='lat' dir='ltr'>successiones</span> <span class='ocrx_word' id='word_1_238' title='bbox 1020 2440 1416 2509; x_wconf 86' lang='lat' dir='ltr'>Episcoporum</span> <span class='ocrx_word' id='word_1_239' title='bbox 1453 2441 1857 2510; x_wconf 87' lang='lat' dir='ltr'>pervenientem</span> <span class='ocrx_word' id='word_1_240' title='bbox 1898 2461 2064 2511; x_wconf 90' lang='lat' dir='ltr'>usque</span> <span class='ocrx_word' id='word_1_241' title='bbox 2102 2442 2169 2494; x_wconf 89' lang='lat' dir='ltr'>ad</span> <span class='ocrx_word' id='word_1_242' title='bbox 2208 2461 2307 2495; x_wconf 89' lang='lat' dir='ltr'>nos</span> 
     </span>
     <span class='ocr_line' id='line_1_30' title="bbox 267 2515 2308 2586; baseline 0 -18"><span class='ocrx_word' id='word_1_243' title='bbox 267 2516 587 2579; x_wconf 89' lang='lat' dir='ltr'>indicantes,</span> <span class='ocrx_word' id='word_1_244' title='bbox 630 2515 1010 2568; x_wconf 83' lang='lat' dir='ltr'>confundimus</span> <span class='ocrx_word' id='word_1_245' title='bbox 1062 2533 1246 2567; x_wconf 85' lang='lat' dir='ltr'>omnes</span> <span class='ocrx_word' id='word_1_246' title='bbox 1287 2533 1401 2579; x_wconf 86' lang='grc'><strong>603,</strong></span> <span class='ocrx_word' id='word_1_247' title='bbox 1457 2515 1550 2584; x_wconf 90' lang='lat' dir='ltr'>qui</span> <span class='ocrx_word' id='word_1_248' title='bbox 1605 2535 1819 2585; x_wconf 91' lang='lat' dir='ltr'>quoquo</span> <span class='ocrx_word' id='word_1_249' title='bbox 1868 2517 2027 2569; x_wconf 89' lang='lat' dir='ltr'>modo</span> <span class='ocrx_word' id='word_1_250' title='bbox 2077 2517 2159 2568; x_wconf 91' lang='lat' dir='ltr'>vel</span> <span class='ocrx_word' id='word_1_251' title='bbox 2212 2535 2308 2586; x_wconf 86' lang='lat' dir='ltr'>per</span> 
     </span>
     <span class='ocr_line' id='line_1_31' title="bbox 267 2589 2307 2659; baseline -0 -15"><span class='ocrx_word' id='word_1_252' title='bbox 267 2591 371 2644; x_wconf 90' lang='lat' dir='ltr'>sibi</span> <span class='ocrx_word' id='word_1_253' title='bbox 410 2590 696 2659; x_wconf 87' lang='lat' dir='ltr'>placentia,</span> <span class='ocrx_word' id='word_1_254' title='bbox 739 2590 823 2641; x_wconf 90' lang='lat' dir='ltr'>vel</span> <span class='ocrx_word' id='word_1_255' title='bbox 863 2607 1055 2641; x_wconf 89' lang='lat' dir='ltr'>vanam</span> <span class='ocrx_word' id='word_1_256' title='bbox 1092 2589 1341 2659; x_wconf 84' lang='lat' dir='ltr'>gloriam,</span> <span class='ocrx_word' id='word_1_257' title='bbox 1390 2589 1475 2641; x_wconf 89' lang='lat' dir='ltr'>vel</span> <span class='ocrx_word' id='word_1_258' title='bbox 1527 2607 1622 2658; x_wconf 91' lang='lat' dir='ltr'>per</span> <span class='ocrx_word' id='word_1_259' title='bbox 1675 2591 1968 2643; x_wconf 81' lang='lat' dir='ltr'>caecitatem</span> <span class='ocrx_word' id='word_1_260' title='bbox 2016 2594 2071 2644; x_wconf 89' lang='lat' dir='ltr'>et</span> <span class='ocrx_word' id='word_1_261' title='bbox 2115 2591 2307 2643; x_wconf 89' lang='lat' dir='ltr'>malam</span> 
     </span>
     <span class='ocr_line' id='line_1_32' title="bbox 266 2663 2304 2734; baseline -0 -15"><span class='ocrx_word' id='word_1_262' title='bbox 266 2665 609 2727; x_wconf 88' lang='lat' dir='ltr'>sententiam,</span> <span class='ocrx_word' id='word_1_263' title='bbox 650 2667 846 2733; x_wconf 76' lang='lat' dir='ltr'>praeter</span> <span class='ocrx_word' id='word_1_264' title='bbox 887 2681 1046 2732; x_wconf 91' lang='lat' dir='ltr'>quam</span> <span class='ocrx_word' id='word_1_265' title='bbox 1085 2667 1304 2732; x_wconf 88' lang='lat' dir='ltr'>oportet</span> <span class='ocrx_word' id='word_1_266' title='bbox 1344 2663 1627 2734; x_wconf 87' lang='lat' dir='ltr'>colligunt.</span> <span class='ocrx_word' id='word_1_267' title='bbox 1669 2663 1755 2717; x_wconf 92' lang='lat' dir='ltr'>Ad</span> <span class='ocrx_word' id='word_1_268' title='bbox 1794 2665 1932 2718; x_wconf 87' lang='lat' dir='ltr'>hanc</span> <span class='ocrx_word' id='word_1_269' title='bbox 1959 2664 2103 2717; x_wconf 88' lang='lat' dir='ltr'>enim</span> <span class='ocrx_word' id='word_1_270' title='bbox 2142 2666 2304 2718; x_wconf 91' lang='lat' dir='ltr'>eccle-</span> 
     </span>
     <span class='ocr_line' id='line_1_33' title="bbox 267 2737 2305 2808; baseline -0 -16"><span class='ocrx_word' id='word_1_271' title='bbox 267 2740 401 2793; x_wconf 88' lang='lat' dir='ltr'>siam</span> <span class='ocrx_word' id='word_1_272' title='bbox 440 2742 665 2808; x_wconf 88' lang='lat' dir='ltr'>propter</span> <span class='ocrx_word' id='word_1_273' title='bbox 703 2738 974 2808; x_wconf 90' lang='lat' dir='ltr'>potiorem</span> <span class='ocrx_word' id='word_1_274' title='bbox 1013 2737 1473 2806; x_wconf 89' lang='lat' dir='ltr'>principalitatem</span> <span class='ocrx_word' id='word_1_275' title='bbox 1519 2756 1731 2792; x_wconf 90' lang='lat' dir='ltr'>necesse</span> <span class='ocrx_word' id='word_1_276' title='bbox 1783 2744 1865 2793; x_wconf 90' lang='lat' dir='ltr'>est</span> <span class='ocrx_word' id='word_1_277' title='bbox 1918 2757 2127 2791; x_wconf 91' lang='lat' dir='ltr'>omnem</span> <span class='ocrx_word' id='word_1_278' title='bbox 2179 2758 2305 2792; x_wconf 91' lang='lat' dir='ltr'>con-</span> 
     </span>
     <span class='ocr_line' id='line_1_34' title="bbox 265 2812 2304 2883; baseline -0.001 -16"><span class='ocrx_word' id='word_1_279' title='bbox 265 2815 448 2867; x_wconf 90' lang='lat' dir='ltr'>venire</span> <span class='ocrx_word' id='word_1_280' title='bbox 486 2813 778 2878; x_wconf 89' lang='lat' dir='ltr'>ecclesiam,</span> <span class='ocrx_word' id='word_1_281' title='bbox 819 2812 924 2865; x_wconf 88' lang='lat' dir='ltr'>hoc</span> <span class='ocrx_word' id='word_1_282' title='bbox 963 2816 1046 2865; x_wconf 92' lang='lat' dir='ltr'>est</span> <span class='ocrx_word' id='word_1_283' title='bbox 1083 2830 1199 2876; x_wconf 92' lang='lat' dir='ltr'>eos,</span> <span class='ocrx_word' id='word_1_284' title='bbox 1256 2812 1347 2881; x_wconf 91' lang='lat' dir='ltr'>qui</span> <span class='ocrx_word' id='word_1_285' title='bbox 1386 2816 1515 2866; x_wconf 90' lang='lat' dir='ltr'>sunt</span> <span class='ocrx_word' id='word_1_286' title='bbox 1555 2813 1793 2883; x_wconf 90' lang='lat' dir='ltr'>undique</span> <span class='ocrx_word' id='word_1_287' title='bbox 1834 2813 2045 2877; x_wconf 90' lang='lat' dir='ltr'>fideles,</span> <span class='ocrx_word' id='word_1_288' title='bbox 2101 2814 2159 2865; x_wconf 87' lang='lat' dir='ltr'>in</span> <span class='ocrx_word' id='word_1_289' title='bbox 2200 2833 2304 2883; x_wconf 89' lang='lat' dir='ltr'>qua</span> 
     </span>
     <span class='ocr_line' id='line_1_35' title="bbox 265 2886 2302 2958; baseline -0 -17"><span class='ocrx_word' id='word_1_290' title='bbox 265 2907 470 2958; x_wconf 86' lang='lat' dir='ltr'>semper</span> <span class='ocrx_word' id='word_1_291' title='bbox 510 2888 576 2940; x_wconf 85' lang='lat' dir='ltr'>ab</span> <span class='ocrx_word' id='word_1_292' title='bbox 614 2887 715 2950; x_wconf 91' lang='lat' dir='ltr'>his,</span> <span class='ocrx_word' id='word_1_293' title='bbox 758 2887 850 2957; x_wconf 91' lang='lat' dir='ltr'>qui</span> <span class='ocrx_word' id='word_1_294' title='bbox 891 2890 1020 2940; x_wconf 92' lang='lat' dir='ltr'>sunt</span> <span class='ocrx_word' id='word_1_295' title='bbox 1059 2886 1314 2956; x_wconf 89' lang='lat' dir='ltr'>undique,</span> <span class='ocrx_word' id='word_1_296' title='bbox 1357 2890 1676 2940; x_wconf 88' lang='lat' dir='ltr'>conservata</span> <span class='ocrx_word' id='word_1_297' title='bbox 1716 2891 1797 2941; x_wconf 93' lang='lat' dir='ltr'>est</span> <span class='ocrx_word' id='word_1_298' title='bbox 1838 2906 1912 2953; x_wconf 86' lang='lat' dir='ltr'>ea,</span> <span class='ocrx_word' id='word_1_299' title='bbox 1973 2905 2092 2956; x_wconf 86' lang='lat' dir='ltr'>quae</span> <span class='ocrx_word' id='word_1_300' title='bbox 2130 2891 2212 2941; x_wconf 83' lang='lat' dir='ltr'>est</span> <span class='ocrx_word' id='word_1_301' title='bbox 2237 2889 2302 2940; x_wconf 88' lang='lat' dir='ltr'>ab</span> 
     </span>
     <span class='ocr_line' id='line_1_36' title="bbox 265 2962 865 3032; baseline -0.003 -16"><span class='ocrx_word' id='word_1_302' title='bbox 265 2962 549 3032; x_wconf 88' lang='lat' dir='ltr'>Apostolis</span> <span class='ocrx_word' id='word_1_303' title='bbox 587 2962 865 3015; x_wconf 82' lang='lat' dir='ltr'>traditio.»</span> 
     </span>
    </p>

    <p class='ocr_par' dir='ltr' id='par_1_4' title="bbox 267 3033 2302 3778">
     <span class='ocr_line' id='line_1_37' title="bbox 415 3033 2301 3105; baseline 0 -16"><span class='ocrx_word' id='word_1_304' title='bbox 415 3035 718 3090; x_wconf 81' lang='lat' dir='ltr'>Secundum</span> <span class='ocrx_word' id='word_1_305' title='bbox 755 3035 807 3090; x_wconf 79' lang='lat' dir='ltr'>S.</span> <span class='ocrx_word' id='word_1_306' title='bbox 848 3036 1113 3088; x_wconf 77' lang='lat' dir='ltr'>Irenaeum</span> <span class='ocrx_word' id='word_1_307' title='bbox 1151 3035 1338 3105; x_wconf 84' lang='lat' dir='ltr'>regula</span> <span class='ocrx_word' id='word_1_308' title='bbox 1377 3034 1501 3087; x_wconf 87' lang='lat' dir='ltr'>fidei</span> <span class='ocrx_word' id='word_1_309' title='bbox 1541 3038 1623 3088; x_wconf 86' lang='lat' dir='ltr'>est</span> <span class='ocrx_word' id='word_1_310' title='bbox 1648 3033 2040 3103; x_wconf 87' lang='lat' dir='ltr'>Apostolorum</span> <span class='ocrx_word' id='word_1_311' title='bbox 2077 3035 2301 3089; x_wconf 89' lang='lat' dir='ltr'>traditio</span> 
     </span>
     <span class='ocr_line' id='line_1_38' title="bbox 267 3107 2302 3181; baseline -0 -18"><span class='ocrx_word' id='word_1_312' title='bbox 267 3111 535 3164; x_wconf 85' lang='lat' dir='ltr'>custodita</span> <span class='ocrx_word' id='word_1_313' title='bbox 572 3115 626 3165; x_wconf 89' lang='lat' dir='ltr'>et</span> <span class='ocrx_word' id='word_1_314' title='bbox 664 3111 948 3181; x_wconf 88' lang='lat' dir='ltr'>proposita</span> <span class='ocrx_word' id='word_1_315' title='bbox 986 3107 1050 3162; x_wconf 90' lang='lat' dir='ltr'>ab</span> <span class='ocrx_word' id='word_1_316' title='bbox 1090 3109 1326 3162; x_wconf 89' lang='lat' dir='ltr'>ecclesiis</span> <span class='ocrx_word' id='word_1_317' title='bbox 1366 3108 1705 3177; x_wconf 82' lang='lat' dir='ltr'>apostolicis3</span> <span class='ocrx_word' id='word_1_318' title='bbox 1748 3109 2015 3161; x_wconf 88' lang='lat' dir='ltr'>unanimis</span> <span class='ocrx_word' id='word_1_319' title='bbox 2056 3110 2302 3163; x_wconf 90' lang='lat' dir='ltr'>ecclesia-</span> 
     </span>
     <span class='ocr_line' id='line_1_39' title="bbox 269 3183 2302 3253; baseline 0 -17"><span class='ocrx_word' id='word_1_320' title='bbox 269 3203 390 3236; x_wconf 89' lang='lat' dir='ltr'>rum</span> <span class='ocrx_word' id='word_1_321' title='bbox 426 3185 757 3253; x_wconf 74' lang='lat' dir='ltr'>pra-dicatio,</span> <span class='ocrx_word' id='word_1_322' title='bbox 797 3184 1068 3237; x_wconf 89' lang='lat' dir='ltr'>unanimis</span> <span class='ocrx_word' id='word_1_323' title='bbox 1114 3184 1502 3252; x_wconf 79' lang='lat' dir='ltr'>Episcoporum</span> <span class='ocrx_word' id='word_1_324' title='bbox 1543 3201 1834 3236; x_wconf 88' lang='lat' dir='ltr'>consensus</span> <span class='ocrx_word' id='word_1_325' title='bbox 1857 3183 2026 3236; x_wconf 86' lang='lat' dir='ltr'>efficit</span> <span class='ocrx_word' id='word_1_326' title='bbox 2052 3185 2302 3237; x_wconf 87' lang='lat' dir='ltr'>ultimum</span> 
     </span>
     <span class='ocr_line' id='line_1_40' title="bbox 269 3255 2301 3328; baseline 0.001 -19"><span class='ocrx_word' id='word_1_327' title='bbox 269 3258 640 3328; x_wconf 83' lang='lat' dir='ltr'>magisterium</span> <span class='ocrx_word' id='word_1_328' title='bbox 679 3264 735 3313; x_wconf 87' lang='lat' dir='ltr'>et</span> <span class='ocrx_word' id='word_1_329' title='bbox 772 3277 1075 3328; x_wconf 90' lang='lat' dir='ltr'>supremam</span> <span class='ocrx_word' id='word_1_330' title='bbox 1114 3258 1356 3328; x_wconf 90' lang='lat' dir='ltr'>regulam</span> <span class='ocrx_word' id='word_1_331' title='bbox 1394 3257 1531 3309; x_wconf 87' lang='lat' dir='ltr'>fidei.</span> <span class='ocrx_word' id='word_1_332' title='bbox 1595 3255 1750 3309; x_wconf 87' lang='lat' dir='ltr'>Hanc</span> <span class='ocrx_word' id='word_1_333' title='bbox 1789 3258 2139 3310; x_wconf 86' lang='lat' dir='ltr'>traditionem</span> <span class='ocrx_word' id='word_1_334' title='bbox 2177 3261 2301 3312; x_wconf 90' lang='lat' dir='ltr'>uni-</span> 
     </span>
     <span class='ocr_line' id='line_1_41' title="bbox 270 3331 2299 3402; baseline 0 -18"><span class='ocrx_word' id='word_1_335' title='bbox 270 3332 528 3384; x_wconf 91' lang='lat' dir='ltr'>versalem</span> <span class='ocrx_word' id='word_1_336' title='bbox 566 3337 621 3387; x_wconf 89' lang='lat' dir='ltr'>et</span> <span class='ocrx_word' id='word_1_337' title='bbox 656 3333 1009 3402; x_wconf 89' lang='lat' dir='ltr'>apostolicam</span> <span class='ocrx_word' id='word_1_338' title='bbox 1049 3350 1332 3401; x_wconf 91' lang='lat' dir='ltr'>possumus</span> <span class='ocrx_word' id='word_1_339' title='bbox 1373 3348 1695 3400; x_wconf 87' lang='lat' dir='ltr'>cognoscere</span> <span class='ocrx_word' id='word_1_340' title='bbox 1734 3331 1938 3401; x_wconf 89' lang='lat' dir='ltr'>duplici</span> <span class='ocrx_word' id='word_1_341' title='bbox 1977 3333 2158 3397; x_wconf 83' lang='lat' dir='ltr'>modo,</span> <span class='ocrx_word' id='word_1_342' title='bbox 2216 3334 2299 3385; x_wconf 91' lang='lat' dir='ltr'>vel</span> 
     </span>
     <span class='ocr_line' id='line_1_42' title="bbox 269 3405 2298 3477; baseline 0 -19"><span class='ocrx_word' id='word_1_343' title='bbox 269 3405 620 3460; x_wconf 88' lang='lat' dir='ltr'>examinando</span> <span class='ocrx_word' id='word_1_344' title='bbox 672 3407 973 3462; x_wconf 88' lang='lat' dir='ltr'>doctrinam</span> <span class='ocrx_word' id='word_1_345' title='bbox 1013 3407 1352 3477; x_wconf 90' lang='lat' dir='ltr'>singularum</span> <span class='ocrx_word' id='word_1_346' title='bbox 1392 3405 1749 3470; x_wconf 86' lang='lat' dir='ltr'>ecclesiarum,</span> <span class='ocrx_word' id='word_1_347' title='bbox 1792 3407 1877 3459; x_wconf 90' lang='lat' dir='ltr'>vel</span> <span class='ocrx_word' id='word_1_348' title='bbox 1915 3407 2298 3476; x_wconf 88' lang='lat' dir='ltr'>interrogando</span> 
     </span>
     <span class='ocr_line' id='line_1_43' title="bbox 269 3479 2298 3549; baseline -0 -17"><span class='ocrx_word' id='word_1_349' title='bbox 269 3479 570 3532; x_wconf 87' lang='lat' dir='ltr'>doctrinam</span> <span class='ocrx_word' id='word_1_350' title='bbox 607 3482 842 3535; x_wconf 81' lang='lat' dir='ltr'>ecclesiae</span> <span class='ocrx_word' id='word_1_351' title='bbox 880 3481 1158 3545; x_wconf 75' lang='lat' dir='ltr'>Romanae,</span> <span class='ocrx_word' id='word_1_352' title='bbox 1214 3481 1271 3531; x_wconf 92' lang='lat' dir='ltr'>in</span> <span class='ocrx_word' id='word_1_353' title='bbox 1309 3499 1414 3549; x_wconf 91' lang='lat' dir='ltr'>qua</span> <span class='ocrx_word' id='word_1_354' title='bbox 1453 3479 1847 3548; x_wconf 84' lang='lat' dir='ltr'>exprimuntur,</span> <span class='ocrx_word' id='word_1_355' title='bbox 1887 3484 2298 3533; x_wconf 83' lang='lat' dir='ltr'>reassumuntur</span> 
     </span>
     <span class='ocr_line' id='line_1_44' title="bbox 270 3553 2296 3624; baseline -0 -18"><span class='ocrx_word' id='word_1_356' title='bbox 270 3557 326 3607; x_wconf 92' lang='lat' dir='ltr'>et</span> <span class='ocrx_word' id='word_1_357' title='bbox 364 3558 784 3610; x_wconf 89' lang='lat' dir='ltr'>concentrantur</span> <span class='ocrx_word' id='word_1_358' title='bbox 811 3556 1072 3610; x_wconf 80' lang='lat' dir='ltr'>doctrinae</span> <span class='ocrx_word' id='word_1_359' title='bbox 1101 3553 1340 3608; x_wconf 89' lang='lat' dir='ltr'>omnium</span> <span class='ocrx_word' id='word_1_360' title='bbox 1367 3553 1736 3617; x_wconf 82' lang='lat' dir='ltr'>ecclesiarum3</span> <span class='ocrx_word' id='word_1_361' title='bbox 1778 3555 1904 3624; x_wconf 87' lang='lat' dir='ltr'>quia</span> <span class='ocrx_word' id='word_1_362' title='bbox 1925 3573 2104 3608; x_wconf 89' lang='lat' dir='ltr'>omnes</span> <span class='ocrx_word' id='word_1_363' title='bbox 2131 3554 2296 3606; x_wconf 83' lang='lat' dir='ltr'>eccle-</span> 
     </span>
     <span class='ocr_line' id='line_1_45' title="bbox 269 3627 2296 3697; baseline 0 -17"><span class='ocrx_word' id='word_1_364' title='bbox 269 3627 360 3680; x_wconf 86' lang='lat' dir='ltr'>siae</span> <span class='ocrx_word' id='word_1_365' title='bbox 400 3628 747 3693; x_wconf 83' lang='lat' dir='ltr'>conveniunt,</span> <span class='ocrx_word' id='word_1_366' title='bbox 787 3630 1070 3684; x_wconf 90' lang='lat' dir='ltr'>confluunt</span> <span class='ocrx_word' id='word_1_367' title='bbox 1106 3629 1173 3682; x_wconf 89' lang='lat' dir='ltr'>ad</span> <span class='ocrx_word' id='word_1_368' title='bbox 1200 3627 1475 3680; x_wconf 84' lang='lat' dir='ltr'>ecclesiam</span> <span class='ocrx_word' id='word_1_369' title='bbox 1509 3627 1825 3693; x_wconf 86' lang='lat' dir='ltr'>Romanam,</span> <span class='ocrx_word' id='word_1_370' title='bbox 1865 3632 2089 3697; x_wconf 85' lang='lat' dir='ltr'>propter</span> <span class='ocrx_word' id='word_1_371' title='bbox 2118 3628 2296 3696; x_wconf 89' lang='lat' dir='ltr'>potio-</span> 
     </span>
     <span class='ocr_line' id='line_1_46' title="bbox 270 3701 2296 3778; baseline 0.002 -22"><span class='ocrx_word' id='word_1_372' title='bbox 270 3720 382 3758; x_wconf 87' lang='lat' dir='ltr'>rem</span> <span class='ocrx_word' id='word_1_373' title='bbox 421 3701 880 3776; x_wconf 86' lang='lat' dir='ltr'>principalitatem</span> <span class='ocrx_word' id='word_1_374' title='bbox 918 3703 1078 3778; x_wconf 83' lang='lat' dir='ltr'>hujus</span> <span class='ocrx_word' id='word_1_375' title='bbox 1119 3701 1366 3759; x_wconf 76' lang='lat' dir='ltr'>ecclesiae.</span> <span class='ocrx_word' id='word_1_376' title='bbox 1443 3701 1598 3758; x_wconf 87' lang='lat' dir='ltr'>Hanc</span> <span class='ocrx_word' id='word_1_377' title='bbox 1637 3721 1747 3759; x_wconf 88' lang='lat' dir='ltr'>esse</span> <span class='ocrx_word' id='word_1_378' title='bbox 1786 3702 2084 3778; x_wconf 83' lang='lat' dir='ltr'>legitimam</span> <span class='ocrx_word' id='word_1_379' title='bbox 2123 3702 2296 3760; x_wconf 79' lang='lat' dir='ltr'>inter-</span> 
     </span>
    </p>
   </div>
  </div>
 </body>
</html>
