2722 4146
467 292 534 348 62

465 441 708 511 iniquam
747 439 1014 512 synodum
1054 442 1117 492 ut
1174 436 1532 492 orthodoxam
1570 437 1857 509 suscipere,
1899 441 1953 494 et
1991 438 2112 494 ideo
2153 438 2212 494 in
2252 437 2356 494 fide
2381 457 2507 512 gra-

466 516 605 570 viter
645 534 854 569 errare:
908 534 1006 568 nec
1044 513 1194 567 aliud
1242 517 1400 567 tanto
1442 514 1655 567 vulneri
1694 515 1986 567 remedium
2038 516 2300 581 viderent,
2348 533 2509 585 quam

466 595 529 644 ut
568 591 626 643 in
653 591 897 661 legitima
937 594 991 643 et
1029 588 1354 642 oecumenica
1394 588 1620 658 synodo,

1015 753 1346 815 Concilium
1396 758 1823 816 oecumenicum
1871 755 1962 816 Vl.

615 887 801 942 Sancti
864 886 1095 941 Martini
1161 887 1527 942 Lateranense
1588 888 1887 943 Concilium
1942 887 2343 941 celeberrimum
2403 887 2511 941 fuit

465 963 762 1034 Legatione
813 961 1201 1015 Africanorum
1266 964 1668 1033 multarumque
1731 962 2091 1016 Orientalium
2149 962 2509 1026 ecclesiarum,

465 1038 523 1090 in
563 1037 783 1090 eandem
823 1037 983 1089 fidem
1024 1038 1508 1100 consentientium;
1549 1041 1883 1090 accesserant
1923 1042 2138 1090 centum
2176 1041 2229 1090 et
2275 1037 2513 1106 quinque

467 1112 861 1181 Episcoporum
902 1131 1009 1164 una
1050 1131 1169 1164 cum
1227 1112 1345 1182 ipso
1389 1112 1753 1182 judicantium
1791 1111 2242 1180 subscriptiones:
2284 1111 2513 1180 denique

466 1187 628 1240 missa
668 1190 869 1239 sanctae
909 1187 1106 1254 synodi
1144 1187 1211 1238 ad
1251 1205 1434 1240 omnes
1476 1186 1867 1240 Christifideles
1905 1190 2026 1239 toto
2067 1187 2195 1238 orbe
2240 1189 2513 1238 terrarum

467 1261 738 1330 encyclica
777 1261 1036 1330 epistola:
1078 1265 1197 1314 tum
1235 1261 1371 1314 illud
1410 1262 1716 1324 maximum,
1770 1279 1800 1312 a
1853 1264 2040 1313 sancto
2094 1259 2359 1313 Pontifice
2412 1279 2512 1329 pro

468 1355 528 1388 ea
567 1335 882 1388 definitione
922 1336 1093 1388 multa
1132 1354 1404 1405 perpesso,
1446 1336 1607 1388 fidem
1642 1335 2002 1388 orthodoxam
2042 1335 2207 1387 etiam
2245 1334 2511 1402 martyrio

468 1411 872 1481 consignatam:
930 1410 1020 1462 sed
1058 1414 1179 1463 toto
1221 1409 1442 1463 Oriente
1482 1414 1750 1463 commoto
1804 1428 1899 1479 per
1939 1409 2300 1477 Imperatores
2353 1413 2515 1477 atque

467 1485 800 1538 Patriarchis
842 1484 1470 1553 Constantinopolitanis
1509 1484 1754 1538 haeresim
1795 1483 2236 1553 praedicantibUS,
2275 1481 2514 1535 Macario

471 1578 684 1630 quoque
741 1558 1086 1612 Antiocheno
1127 1558 1445 1612 Patriarcha
1503 1559 1562 1613 in
1619 1563 1800 1628 partes
1854 1559 2120 1611 haereseos
2177 1560 2514 1621 transeunte,

471 1634 647 1687 visum
687 1638 767 1686 est
805 1634 1184 1686 oecumenicam
1225 1634 1494 1702 synodum
1533 1638 1740 1686 sextam
1779 1650 2090 1686 convocare.

620 1708 686 1760 In
725 1709 941 1761 actione
979 1708 1075 1761 IV.
1117 1708 1256 1761 lecta
1295 1713 1377 1761 est
1417 1708 1662 1776 epistola,
1705 1726 1864 1776 quam
1903 1706 2126 1777 Agatho
2166 1706 2321 1759 Rom.
2371 1705 2515 1759 Pon—

476 1783 614 1836 tifex
666 1783 938 1835 direxerat
989 1783 1055 1834 ad
1108 1782 1499 1851 Imperatorem
1539 1782 1957 1835 Constantinum
2009 1785 2064 1834 et
2101 1781 2166 1833 ad
2204 1780 2516 1833 Heraclium

473 1861 527 1910 et
566 1857 841 1910 Tiberium
879 1856 1186 1927 Augustos:
1228 1875 1327 1910 nec
1365 1876 1472 1910 non
1517 1856 1762 1926 epistola,
1805 1874 1965 1925 quam
2003 1856 2143 1907 idem
2164 1854 2382 1925 Agatho
2408 1873 2517 1906 una

475 1950 596 1984 cum
622 1932 830 2000 synodo
852 1931 1098 1984 Romana
1126 1935 1341 1984 centum
1366 1932 1564 2002 viginti
1606 1931 1844 2001 quinque
1879 1930 2272 2000 Episcoporum
2300 1929 2518 1981 dederat

473 2006 710 2076 LegatiS,
753 2006 846 2075 qui
885 2006 1036 2058 missi
1076 2010 1204 2059 sunt
1244 2007 1310 2058 ad
1351 2006 1618 2074 synodum
1645 2009 1852 2058 sextam
1879 2005 2265 2068 celebrandam,
2292 2021 2517 2073 quaeque

474 2081 791 2134 continebat
831 2080 1248 2134 instructionem
1286 2080 1632 2151 Legatorum.
1714 2078 1912 2146 (Mansi
1962 2083 2094 2132 tom.
2144 2078 2238 2131 XI.
2289 2097 2341 2148 p.
2392 2082 2516 2131 234.

473 2159 528 2207 et
569 2156 717 2223 286.)
815 2154 882 2207 In
940 2155 1049 2207 fine
1107 2156 1268 2225 hujus
1327 2155 1570 2224 epistolae
1627 2158 1783 2207 erant
1822 2154 2244 2223 subscriptiones
2303 2155 2518 2206 centum

473 2229 673 2300 viginti
725 2229 963 2299 quinque
1003 2230 1399 2299 Episcoporum
1437 2230 1496 2282 in
1532 2230 1679 2282 hunc
1717 2229 1963 2282 modum:

622 2302 842 2374 Agatho
883 2304 1184 2373 Episcopus
1242 2309 1443 2358 sanctae
1489 2303 1590 2356 Dei
1648 2303 1928 2357 catholicae
1985 2306 2148 2372 atque
2204 2301 2519 2372 apostolicae

473 2379 708 2431 ecclesiae
746 2379 895 2431 urbis
934 2379 1134 2443 Romae,
1189 2379 1316 2432 huic
1369 2378 1708 2450 suggestioni
1762 2396 1881 2430 cum
1931 2376 2288 2448 generalitate
2344 2375 2518 2429 totius

475 2453 788 2522 apostolicae
841 2453 981 2505 sedis
1022 2453 1254 2517 concilii,
1295 2472 1394 2522 pro
1435 2453 1760 2506 rectitudine
1815 2451 2127 2522 apostolicae
2165 2450 2520 2504 confessionis

474 2527 650 2591 factae,
692 2527 832 2580 sicut
871 2527 1119 2596 superius
1161 2528 1487 2591 continetur,
1531 2546 1677 2580 cons.
1718 2530 1773 2579 et
1812 2526 2119 2595 subscripsi.

624 2600 869 2653 Andreas
909 2601 1086 2671 gratia
1124 2601 1223 2653 Dei
1263 2601 1564 2669 Episcopus
1605 2604 1804 2654 sanctae
1833 2599 2128 2654 Orientalis
2169 2598 2419 2663 ecclesiae,
2460 2599 2519 2651 in

475 2676 617 2728 hanc
655 2675 1075 2745 suggestionem,
1129 2693 1290 2744 quam
1328 2694 1427 2743 pro
1467 2675 1765 2743 apostolica
1803 2678 1995 2727 nostra
2035 2674 2140 2726 fide
2190 2673 2520 2726 unanimiter

479 2749 898 2813 construximus,
941 2749 1100 2802 simil.
1142 2749 1466 2818 subscripsi3
1506 2752 1560 2802 61
1598 2748 1787 2801 iisdem
1812 2747 1989 2801 verbis
2016 2765 2078 2799 ex
2105 2747 2292 2800 ordine
2318 2765 2517 2800 omnes,

625 2823 691 2876 In
729 2825 946 2878 actione
983 2823 1135 2877 VIII.
1188 2824 1496 2876 sedentibus
1548 2822 1850 2892 EpiscopiS,
1891 2821 2191 2891 propositis
2238 2821 2296 2872 in
2344 2821 2518 2873 medio

479 2898 839 2952 sacrosanctis
879 2898 1208 2969 EvangeliiS,
1251 2902 1429 2951 actum
1488 2902 1585 2961 est,
1645 2901 1708 2951 111
1756 2896 2094 2966 synodaliter
2150 2895 2520 2964 reciperentur

480 2974 726 3043 epistolae
764 2973 1090 3026 sanctissimi
1130 2971 1438 3043 Agathonis
1478 2976 1531 3025 et
1570 2971 1801 3026 Romani
1829 2970 2074 3024 Concilii.
2154 2969 2227 3023 Et
2253 2988 2359 3038 quo
2386 2969 2518 3034 ritu,

481 3066 588 3117 quo
628 3048 888 3110 examine,
930 3066 1036 3117 quo
1077 3047 1266 3100 ordine
1304 3047 1479 3100 sancti
1520 3046 1710 3116 Cyrilli
1749 3049 1803 3099 et
1843 3044 2018 3098 sancti
2053 3043 2249 3096 Leonis
2276 3043 2521 3112 epistolae

481 3122 541 3173 in
579 3120 679 3174 III.
721 3126 777 3175 61
814 3121 910 3175 IV.
951 3120 1189 3191 synodiS,
1229 3121 1412 3175 eodem
1440 3121 1572 3184 ritu,
1613 3120 1798 3174 eodem
1823 3118 2080 3181 examine,
2121 3118 2305 3171 eodem
2331 3118 2521 3170 ordine

482 3195 808 3248 sanctissimi
846 3195 1155 3266 Agathonis
1194 3199 1249 3249 et
1287 3194 1517 3249 Concilii
1555 3194 1785 3249 Romani
1833 3193 1892 3246 in
1931 3193 2136 3262 synodo
2189 3195 2340 3246 sexta
2377 3209 2521 3245 oecu-

483 3269 690 3322 menica
727 3270 1100 3339 adprobantur
1138 3275 1196 3324 61
1231 3270 1602 3340 suscipiuntur
1641 3268 1898 3340 epistolae.
1977 3266 2176 3320 Paulus
2203 3266 2521 3338 magnificus

483 3361 515 3395 a
553 3343 774 3396 secretis
813 3347 868 3397 et
905 3344 1201 3413 imperialis
1253 3344 1570 3398 secretarius
1608 3344 1802 3414 prime,
1853 3345 2042 3411 postea
2091 3340 2373 3394 Piissimus
2411 3339 2520 3392 Im-

484 3427 707 3494 perajor
766 3417 1155 3472 Constantinus
1213 3419 1379 3473 dixit:
1440 3418 1632 3472 Edicat
1689 3415 1954 3487 Georgius
1995 3414 2374 3469 Sanctissimus
2412 3412 2520 3466 Ar-

486 3491 859 3560 chiepiscopus
898 3491 1055 3561 hujus
1082 3511 1112 3544 a
1134 3493 1248 3547 Deo
1269 3493 1649 3547 conservandae
1667 3495 1871 3546 nostrae
1892 3489 2146 3554 civitatiS,
2172 3493 2226 3543 61
2252 3487 2521 3542 Macarius

486 3565 806 3618 venerabilis
845 3563 1298 3637 Archiepiscopus
1357 3566 1700 3632 Antiochiae,
1739 3569 1795 3620 et
1831 3565 1906 3618 eis
1945 3565 2224 3634 subjacens
2263 3561 2519 3632 synoduS,

488 3639 535 3692 si
591 3639 848 3694 convenit
902 3638 979 3692 eis
1018 3658 1203 3693 sensus
1263 3641 1672 3713 suggestionum
1728 3640 2051 3694 directarum
2106 3637 2172 3690 ab
2230 3634 2520 3707 Agathone

488 3713 824 3768 sanctissimo
862 3712 1010 3784 Papa
1046 3712 1249 3781 Romae,
1291 3719 1346 3770 et
1384 3717 1499 3787 ejus
1537 3715 1760 3786 synodo.
1837 3712 2103 3783 Georgius
2148 3708 2519 3766 sanctissimus
