2722 4146
473 297 537 349 52

471 443 613 514 quod
653 447 870 497 constat
907 440 1341 496 manifestissime
1394 460 1459 495 ex
1509 438 1644 497 actis
1698 438 1912 495 concilii
1954 437 2403 495 Chalcedonensis
2460 443 2516 495 et

470 537 534 571 ex
573 517 892 571 authentica
933 517 1270 569 confessione
1309 520 1363 570 et
1402 517 1766 570 declaratione
1804 516 2010 586 quintae
2031 515 2243 585 synodi,
2282 533 2514 586 negave-

468 596 600 646 runt
655 591 980 645 sententiam
1031 589 1082 642 S.
1136 590 1333 643 Leonis
1383 591 1551 657 fuisse
1602 591 1934 644 definitivam
1988 595 2042 644 et
2101 590 2347 642 ultimam
2392 607 2514 642 sen-

468 667 715 728 tentiam,
756 665 847 718 sed
887 664 1320 730 instructionem,
1363 684 1468 734 qua
1506 665 1679 735 adjuti
1699 665 1958 734 Episcopi
1995 664 2187 717 melius
2208 664 2515 733 judicarent

466 747 529 794 ut
566 741 952 803 Bellarmimw,
998 740 1148 808 cujus
1188 741 1350 792 verba
1377 740 1590 792 adferre
1629 740 1836 808 placet:
1882 739 1970 793 «S.
2000 739 2194 792 Leonis
2237 738 2514 804 epistolam

468 817 524 866 ru
567 814 780 867 concilio
823 812 1236 866 Chalcedonensi
1274 814 1430 866 multi
1479 814 1741 880 Episcopi
1792 814 2168 867 examinarunt
2221 811 2515 878 (debuisset

468 889 733 940 scribere:
774 887 1170 958 interrogatam
1209 888 1376 941 fuisse
1427 893 1603 942 totam
1643 888 1926 957 synodum,
1980 893 2042 941 ut
2082 888 2145 940 de
2191 886 2420 955 epistola
2458 885 2510 938 S.

467 962 662 1014 Leonis
704 962 1031 1015 sententiam
1071 962 1255 1025 ferret,
1299 966 1351 1015 et
1393 982 1576 1016 omnes
1617 963 1916 1032 Episcopos
1968 962 2174 1025 ordine,
2234 965 2514 1029 totamque

466 1036 735 1104 synodum
772 1039 826 1088 et
866 1037 1198 1089 examinasse
1237 1041 1292 1090 et
1331 1038 1655 1090 sententiam
1695 1036 1902 1100 tulisse,
1946 1040 2007 1089 ut
2033 1055 2198 1105 supra
2223 1035 2510 1103 probatum

466 1111 589 1180 est),
630 1115 691 1163 ut
728 1112 891 1177 refert
930 1110 1205 1178 Evayrius
1245 1112 1277 1163 l.
1321 1116 1374 1164 2.
1420 1129 1459 1166 c.
1500 1117 1583 1164 18.
1639 1110 1790 1181 (quid
1840 1128 2055 1163 necesse
2106 1114 2224 1162 erat
2261 1109 2513 1161 invocare

466 1184 841 1237 testimonium
879 1184 1120 1255 Evagrii,
1161 1185 1254 1238 ubi
1292 1186 1608 1239 authentica
1646 1191 1768 1239 acta
1808 1184 2037 1238 Concilii
2078 1185 2396 1253 loquuntur,
2458 1187 2513 1235 et

464 1259 616 1311 adest
655 1259 1086 1312 luculentissima
1127 1264 1182 1313 et
1233 1260 1490 1313 solemnis
1542 1260 1808 1313 confessio
1863 1263 1919 1312 et
1966 1258 2257 1311 declaratio
2316 1256 2511 1325 synodi

466 1333 695 1402 quintae)
738 1338 786 1386 et
824 1335 939 1400 ipse
977 1335 1135 1387 etiam
1178 1333 1233 1387 S.
1274 1335 1380 1388 Leo
1421 1352 1499 1401 ep.
1543 1339 1630 1387 63.
1675 1333 1951 1400 (editionis
2002 1332 2188 1402 Migne
2239 1332 2350 1400 93.)
2401 1331 2512 1398 ylo-

464 1410 642 1460 riatar
690 1407 970 1474 epistolam
1021 1427 1055 1462 a
1107 1410 1324 1462 concilio
1365 1410 1714 1476 approbatam
1760 1409 1947 1474 fuisse.
2016 1407 2338 1472 Respondeo,
2392 1406 2513 1457 hine

463 1499 567 1535 reon
604 1483 768 1549 sequi,
812 1483 1092 1537 concilium
1131 1501 1242 1537 esse
1279 1502 1448 1551 supra
1475 1483 1719 1550 Papam3
1757 1500 1882 1535 uam
1923 1482 2028 1534 Leo
2057 1480 2332 1547 epistolam
2358 1497 2510 1532 suam

463 1558 683 1610 miserat
721 1558 793 1609 ad
832 1559 1124 1621 concilium,
1167 1575 1271 1610 ozon
1310 1565 1369 1611 ut
1410 1560 1749 1611 continentem
1804 1558 2048 1610 ultimam
2098 1561 2146 1607 et
2185 1555 2510 1621 definit-ivam

463 1633 793 1695 sententiam,
848 1633 941 1684 sed
990 1638 1051 1685 at
1100 1629 1501 1686 instructionem
1561 1638 1794 1697 tantam,
1862 1650 1966 1698 qua
2023 1631 2201 1697 adjecti
2255 1628 2510 1694 Episcopi

463 1707 653 1758 melius
694 1707 1022 1773 judicarent.
1114 1705 1240 1773 (Sed
1290 1708 1394 1760 hoc
1444 1711 1608 1777 negat
1661 1706 1959 1759 Baronius:
2019 1709 2184 1774 negat
2242 1703 2510 1755 evidentia

463 1780 742 1844 historica,
784 1799 904 1849 quae
944 1782 1201 1846 ostendit,
1243 1782 1392 1834 illam
1433 1782 1719 1851 epistolam
1769 1780 1933 1832 fuisse
1985 1778 2348 1846 conscriptam
2387 1781 2508 1830 toto

465 1854 798 1923 Apostolicae
837 1855 1183 1909 auctoritatis
1222 1857 1490 1926 pondere;
1532 1856 1676 1925 quod
1717 1855 1762 1907 si
1803 1853 2168 1915 contenditur,
2210 1852 2358 1902 illam
2397 1869 2508 1902 non

466 1929 632 1982 fuisse
670 1929 1044 1982 definitionem
1095 1949 1160 1982 ex
1213 1931 1481 1993 cathedra,
1536 1931 1640 1982 hoc
1679 1929 1818 1981 idem
1858 1931 1939 1980 est
1979 1946 2040 1980 ac
2079 1927 2270 1989 dicere,
2311 1926 2377 1977 ad
2415 1925 2508 1976 de-

465 2003 772 2056 finitionem
811 2022 876 2056 ex
916 2005 1170 2057 cathedra
1210 2005 1642 2058 constituendam
1682 2023 1794 2056 non
1833 2003 2081 2055 sufficere
2104 2000 2262 2052 11111113
2289 2003 2509 2068 aposto-

465 2078 581 2130 licae
621 2078 758 2131 sedis
798 2079 1203 2143 auctoritatem,
1246 2080 1337 2132 sed
1376 2079 1580 2147 requiri
1637 2079 1861 2146 insuper
1900 2075 2220 2128 universalis
2260 2073 2512 2126 Ecclesiae

466 2152 802 2222 suffragium,
842 2153 928 2205 vel
967 2153 1116 2205 illam
1155 2172 1269 2207 esse
1309 2154 1683 2206 definitionem
1723 2170 1787 2204 ex
1829 2151 2099 2214 cathedra,
2141 2167 2258 2218 quae
2297 2167 2328 2200 a
2355 2147 2510 2200 Rom.

465 2226 731 2279 Pontifice
782 2245 898 2280 cum
953 2229 1215 2298 suffragio
1271 2227 1594 2281 universalis
1647 2226 1900 2279 Ecclesiae
1952 2225 2147 2285 editur,
2201 2223 2286 2274 vel
2334 2226 2396 2274 ut
2434 2221 2513 2273 ait

467 2299 520 2353 S.
574 2299 881 2354 Antonius:
935 2301 1247 2368 Pontificem
1297 2303 1448 2356 Rom.
1499 2307 1728 2355 utentem
1779 2300 1995 2354 concilio
2055 2305 2103 2352 et
2165 2298 2513 2364 requirentem

466 2375 796 2440 adjutorium
850 2377 1170 2430 universalis
1229 2377 1503 2430 Ecclesiae
1560 2395 1671 2429 non
1734 2393 1889 2444 posse
1956 2391 2150 2426 errare.
2252 2378 2298 2424 3.
2359 2375 2512 2439 parte

466 2448 632 2500 titulo
688 2453 773 2501 22.
831 2467 943 2518 cap.
1002 2455 1049 2504 3.
1092 2451 1137 2517 ἓ.
1188 2458 1231 2504 l.
1287 2458 1341 2504 et
1390 2451 1598 2519 pariter
1648 2450 1815 2502 titulo
1860 2453 1944 2501 23.
2000 2466 2114 2516 cap.
2161 2452 2207 2498 3.
2249 2445 2295 2512 ἓ.
2338 2452 2407 2510 4.,
2450 2444 2513 2496 de

469 2540 700 2590 quorum
741 2523 985 2576 locorum
1024 2525 1442 2577 authenticitate
1481 2524 1632 2576 nulla
1671 2523 1779 2575 fuit
1816 2527 1962 2575 mota
2002 2521 2272 2590 quaestio.)

615 2595 971 2664 Posteaquam
1011 2603 1185 2650 autem
1224 2616 1397 2651 omnes
1437 2602 1806 2650 consenserunt
1845 2598 2094 2661 epistolae
2133 2595 2341 2657 Leonis,
2399 2598 2506 2644 tam

469 2670 864 2723 demum-edita
902 2676 979 2724 est
1036 2672 1272 2738 definitio
1329 2672 1521 2724 ultima
1577 2672 1784 2723 nomine
1826 2670 2110 2735 Pontifices
2168 2675 2216 2721 et
2264 2668 2508 2720 concilii»

471 2744 585 2810 (sed
625 2744 895 2799 debuisset
934 2745 1136 2798 dicere:
1181 2750 1468 2814 postquam
1495 2763 1678 2797 omnes
1706 2747 2111 2806 consenserunt,
2141 2743 2259 2810 ipsa
2284 2741 2513 2809 epistola

471 2817 524 2871 S.
566 2817 760 2872 Leoms
801 2819 1101 2873 constituta
1139 2820 1248 2873 fuit
1285 2824 1350 2872 ut
1387 2820 1576 2889 regula
1614 2818 1762 2870 fidei:
1806 2822 1868 2870 ut
1906 2817 2156 2870 columna
2195 2814 2511 2867 orthodoxae

469 2893 750 2957 doctrina),
805 2898 868 2947 ut
916 2898 1123 2947 tessera
1171 2897 1332 2947 rectae
1386 2893 1526 2956 fidei,
1583 2893 1661 2946 ita
1710 2895 1773 2944 ut
1823 2910 1977 2944 nemo
2025 2890 2405 2942 admitteretur
2444 2889 2509 2939 ad

471 2967 789 3020 catholicam
831 2969 1278 3031 communionem,
1319 2968 1426 3020 nisi
1465 2967 1615 3036 prius
1654 2966 1804 3018 illam
1842 2964 2193 3033 suscepisset;
2234 2963 2361 3015 licet
2383 2981 2512 3014 con-

473 3041 657 3093 cilium
695 3046 751 3095 et
788 3042 950 3095 aliam
988 3043 1203 3096 brevem
1242 3046 1297 3096 et
1335 3042 1605 3095 concisam
1625 3038 1995 3094 definitionem
2034 3038 2316 3106 ediderit).
2395 3036 2512 3088 Hu-

476 3132 672 3183 cusque
709 3115 1072 3170 Bellarminus
1111 3117 1204 3170 lib.
1249 3122 1297 3170 2.
1338 3115 1543 3170 Concil.
1585 3133 1628 3168 c.
1676 3119 1757 3168 19.

619 3188 692 3242 Et
731 3190 825 3242 alii
863 3209 925 3244 eo
980 3210 1151 3261 usque
1203 3191 1522 3262 procedunt,
1575 3194 1636 3243 ut
1674 3188 1783 3241 vim
1823 3187 1998 3240 verbis
2044 3186 2341 3239 inferentes
2382 3204 2510 3238 con-

475 3262 719 3326 tendant,
772 3265 936 3317 verba
986 3265 1082 3318 illa
1122 3265 1174 3319 S.
1215 3264 1413 3318 Leonis
1463 3262 1849 3318 irretractabili
1885 3278 2130 3315 assensu:
2186 3279 2296 3312 non
2344 3260 2512 3330 signi-

475 3336 662 3388 ficare:
730 3337 1060 3391 sententiam
1116 3334 1478 3411 dogmaticam
1545 3337 1598 3392 S.
1658 3336 1882 3399 LeoniS,
1949 3339 2234 3404 postquam
2292 3352 2510 3387 assensu

476 3409 691 3463 concilii
728 3412 1042 3464 oecumenici
1062 3413 1229 3468 fuerit
1254 3414 1589 3477 confirmata,
1630 3410 1984 3466 constitutam
2009 3410 2175 3462 fuisse
2200 3411 2512 3461 irretracta-

480 3483 655 3547 bilem,
681 3483 1129 3538 irreformabilem
1148 3487 1388 3559 regulam
1416 3486 1571 3540 fidei:
1601 3486 1687 3539 sed
1721 3483 1858 3538 illud
1883 3484 2095 3553 potius:
2134 3482 2513 3536 oecumenicam

476 3557 744 3627 synodum
800 3576 913 3611 non
970 3560 1211 3628 potuisse
1273 3565 1597 3625 retractare,
1666 3557 1997 3622 examinare,
2068 3576 2211 3610 novo
2278 3573 2510 3624 veroque

470 3631 677 3701 judicio
717 3631 1052 3686 definitivam
1090 3635 1417 3689 sententiam
1455 3634 1509 3688 S.
1548 3633 1746 3687 Leonis
1785 3632 2071 3701 subjicere3
2123 3631 2214 3683 sed
2265 3630 2510 3683 debuisse

477 3723 613 3775 pure
651 3709 707 3761 et
744 3705 1081 3777 simpliciter,
1120 3707 1237 3761 sine
1261 3727 1405 3764 novo
1430 3707 1688 3775 examine,
1727 3706 1843 3761 sine
1867 3723 2009 3759 novo
2036 3722 2269 3774 veroque
2286 3701 2509 3775 judiciO,
