2612 4062
470 289 578 340 270

632 481 727 541 De
777 479 1083 540 Olassibus
1129 498 1233 539 seu
1283 479 1842 556 Conyreqationibus
1887 482 2350 556 particula-ribus

1250 584 1422 643 totius
1471 583 1717 659 Synodi.

617 731 723 783 Pro
782 730 1018 783 faciliori
1083 734 1137 783 et
1203 731 1558 784 commodiori
1615 731 2011 787 examinatione
2069 737 2124 787 et
2181 732 2513 787 discussione

470 825 655 859 eorum
703 823 839 874 quae
889 805 1206 858 tractandae
1244 810 1402 859 erant
1438 806 1496 858 in
1537 805 1778 859 Concilio
1817 811 1928 860 tam
1969 826 2131 877 super
2171 807 2513 878 dogmatibus

469 899 628 950 quam
668 898 830 949 super
868 879 1258 932 reformatione
1297 881 1627 934 constitutae
1667 885 1796 934 sunt
1835 883 1933 935 sub
1960 882 2126 935 Paulo
2153 881 2237 934 HI
2276 882 2513 953 Congre-

467 955 713 1026 gationes
772 954 1156 1023 particulareS,
1215 955 1275 1007 in
1333 955 1528 1024 quibus
1587 959 1706 1008 tota
1764 954 2013 1024 Synodus
2063 957 2235 1009 divisa
2291 957 2349 1009 in
2403 961 2513 1010 tres

468 1029 672 1082 Classes
693 1028 1047 1082 conveniebat
1068 1047 1248 1081 coram
1269 1029 1514 1098 quolibet
1534 1048 1598 1082 ex
1619 1029 2052 1084 Praesidentibus
2074 1035 2128 1084 et
2150 1030 2367 1101 Legatis
2395 1033 2514 1100 pari

468 1122 712 1168 numero,
744 1103 929 1156 eodem
950 1103 1052 1167 die,
1075 1103 1257 1156 eadem
1278 1104 1429 1167 hora,
1459 1109 1512 1157 et
1534 1122 1695 1173 super
1716 1104 1913 1157 eisdem
1932 1105 2178 1158 articulis
2199 1110 2255 1158 et
2272 1107 2513 1159 materiis

469 1178 838 1231 examinandis
886 1182 941 1231 et
979 1177 1330 1231 discutiendis
1370 1179 1710 1232 familiariter
1756 1183 1811 1232 et
1849 1180 2141 1232 domestice
2182 1198 2273 1248 per
2313 1198 2513 1249 propo-

468 1254 692 1306 sitiones
745 1257 797 1306 et
850 1252 1262 1322 replicationeS,
1315 1257 1426 1306 tam
1479 1254 1649 1306 latina
1697 1271 1857 1323 quam
1894 1258 2141 1307 materna
2191 1254 2407 1324 lingua,
2459 1259 2515 1307 et

469 1333 630 1397 prout
672 1327 961 1396 unicuique
1001 1328 1332 1380 commodius
1371 1327 1543 1380 visum
1570 1327 1777 1380 fuisset.
1844 1327 1910 1380 In
1949 1328 2033 1381 his
2074 1328 2216 1380 euim
2245 1328 2512 1381 Classibus

469 1402 724 1455 materiae
769 1402 835 1454 ad
888 1419 1277 1471 quamcumque
1324 1421 1438 1454 rem
1476 1402 1811 1472 pertinentes
1850 1407 2139 1472 autequam
2177 1403 2233 1455 in
2274 1404 2513 1473 generali

469 1477 906 1547 Congregatione
953 1481 1392 1546 proponerentur
1444 1477 1680 1546 primum
1730 1482 2004 1547 tamquam
2044 1478 2303 1530 informes
2343 1478 2513 1547 quod-

467 1551 713 1604 ammodo
764 1551 1121 1614 dolabantur,
1174 1552 1327 1604 nullo
1380 1551 1444 1603 de
1497 1552 1572 1604 eis
1612 1552 1756 1604 facto
1797 1552 2042 1616 decretO,
2094 1571 2217 1604 nam
2269 1570 2404 1621 quae
2454 1552 2512 1604 in

467 1627 544 1678 eis
583 1626 822 1678 discussa
861 1625 1097 1690 fuerant,
1139 1626 1556 1678 conferebantur
1595 1630 1786 1695 postea
1823 1626 2069 1690 invicem,
2111 1627 2513 1679 adnotabantur

467 1701 630 1754 etiam
669 1700 727 1752 in
766 1700 851 1752 his
878 1699 1147 1753 Classibus
1193 1701 1412 1754 l-‘atrum
1452 1701 1767 1765 sententiae,
1808 1705 1862 1753 et
1901 1701 1960 1752 in
2000 1700 2252 1754 Generali
2275 1700 2514 1771 Congre-

467 1775 687 1846 gatione
726 1774 1151 1827 decernebantur
1192 1778 1246 1827 et
1286 1775 1763 1828 concludebantur.
1824 1775 2305 1846 Congregabautur
2333 1782 2512 1828 autem

469 1850 644 1903 dictae
685 1849 889 1902 Classes
930 1849 988 1901 in
1028 1849 1169 1901 Aula
1209 1850 1500 1919 cujuslibet
1538 1849 1897 1902 praesidentis
1938 1850 2274 1918 particulari.
2340 1848 2513 1902 Ante—

468 1942 628 1993 quam
667 1928 847 1977 autem
874 1928 1354 1994 congregarentur,
1395 1923 1764 1977 Praesidentes
1803 1924 1909 1992 ipsi
1949 1924 2109 1976 simul
2135 1924 2512 1977 convenientes

467 2000 700 2069 agebant
738 1998 802 2050 de
842 2017 922 2062 eo,
964 1999 1106 2067 quod
1146 1999 1204 2051 in
1243 1999 1317 2051 eis
1358 1999 1792 2067 pertractandum
1834 2002 1977 2063 erat,
2018 2003 2181 2068 atque
2219 1998 2512 2051 adnotaba—

471 2078 561 2126 tur
613 2073 671 2125 in
722 2073 909 2125 cedula
961 2074 1112 2142 cujus
1162 2073 1464 2142 exemplum
1520 2091 1705 2126 eorum
1759 2072 1990 2142 quilibet
2041 2091 2220 2126 secum
2270 2073 2512 2126 deferens

471 2148 641 2200 Classi
693 2166 819 2200 suae
870 2148 1223 2217 proponebat.
1313 2147 1422 2200 Eae
1479 2165 1606 2200 vero
1649 2147 1854 2200 Classes
1914 2165 2033 2200 cum
2083 2149 2330 2200 effectum
2383 2166 2512 2200 con-

470 2222 702 2275 trarium
761 2224 874 2293 ejus
934 2223 1000 2274 ob
1060 2240 1216 2291 quem
1275 2222 1604 2275 constitutae
1660 2222 1879 2275 fuerant
1936 2240 2125 2290 parere
2182 2222 2514 2291 experientia

471 2297 764 2360 docuisset,
815 2299 1068 2350 materias
1109 2296 1313 2349 scilicet
1354 2295 1683 2349 difficiliores
1722 2296 1942 2349 reddere
1982 2300 2035 2350 et
2075 2315 2257 2349 earum
2297 2296 2513 2366 expedi-

470 2372 676 2425 tionem
723 2371 1070 2440 protrahere,
1122 2390 1246 2423 nam
1297 2389 1431 2440 quae
1482 2371 1540 2423 in
1579 2371 1655 2424 eis
1694 2371 1934 2424 discussa
1973 2372 2189 2424 fuerant
2226 2390 2415 2424 rursus
2455 2371 2512 2423 in

471 2446 725 2498 Generali
766 2445 1202 2516 Congregatione
1239 2446 1625 2514 repetebantur
1664 2446 1815 2498 nullo
1856 2445 2118 2515 temporis
2159 2445 2302 2499 facto
2342 2446 2511 2508 lucro,

470 2525 524 2573 et
563 2520 913 2573 difficultates
955 2520 1013 2572 in
1052 2521 1128 2572 eis
1167 2524 1335 2583 ortae,
1378 2538 1498 2572 cum
1537 2520 1681 2589 quod
1720 2539 1860 2572 unus
1899 2520 2126 2583 dixerat,
2166 2521 2232 2573 ab
2266 2521 2513 2573 omnibus

471 2594 757 2658 Patribus,
809 2601 873 2648 ut
921 2594 979 2646 in
1019 2593 1452 2664 Congregatione
1494 2592 1746 2646 Generali
1799 2595 1894 2658 fit,
1945 2594 2123 2646 audiri
2161 2613 2274 2647 non
2311 2598 2511 2663 posset,

469 2670 840 2740 augebantur,
898 2672 1025 2738 post
1080 2669 1375 2721 nonnullos
1427 2668 1537 2720 dies
1587 2668 1829 2721 sublatae
1880 2672 2025 2721 sunt.
2117 2668 2292 2729 Quare
2339 2686 2512 2737 neque

471 2745 568 2797 sub
607 2743 776 2796 Paulo
823 2747 950 2812 post
988 2741 1055 2795 V.
1097 2742 1417 2806 sessionem,
1469 2761 1642 2811 neque
1681 2743 1779 2794 sub
1818 2741 1967 2794 Julio
2017 2746 2112 2795 aut
2152 2741 2247 2794 Pio
2298 2742 2513 2796 habitae

471 2822 629 2881 sunt3
671 2819 769 2871 sub
808 2818 928 2887 ipso
967 2820 1149 2870 tamen
1175 2816 1290 2881 Pio,
1317 2820 1475 2870 aucto
1502 2816 2043 2886 frequentissimoque
2079 2816 2221 2870 facto
2251 2816 2511 2880 Concili0,

471 2911 592 2946 cum
642 2896 770 2946 vota
821 2892 1062 2945 omnium
1101 2891 1326 2944 Patrum
1376 2891 1443 2944 ad
1482 2891 1680 2944 multos
1732 2891 1845 2943 dies
1884 2894 1938 2943 et
1975 2890 2095 2942 ideo
2135 2909 2315 2944 rerum
2353 2909 2511 2961 expe-

470 2967 606 3020 ditio
671 2966 730 3019 in
787 2968 1015 3038 longum
1073 2966 1520 3035 protraheretur,
1584 2970 1645 3019 ut
1701 2965 1864 3019 etiam
1922 2964 2178 3017 materiae
2236 2966 2294 3018 in
2351 2967 2511 3035 plena

472 3040 693 3109 Synodo
751 3041 1134 3094 examinandae
1188 3059 1298 3093 non
1357 3040 1436 3094 ita
1498 3040 1658 3093 rudes
1713 3043 1875 3108 atque
1939 3039 2059 3091 ideo
2122 3040 2316 3109 majori
2378 3040 2507 3092 lima

473 3115 808 3186 indigentes,
863 3116 953 3169 sed
995 3117 1107 3186 jam
1144 3115 1256 3167 fere
1297 3114 1534 3182 digestae
1581 3117 2045 3184 proponerentur,
2100 3113 2260 3168 Illmi.
2301 3113 2511 3167 Praesi-

473 3189 661 3242 dentes
723 3190 896 3243 divisa
960 3195 1081 3244 tota
1143 3188 1364 3258 Synodo
1429 3189 1488 3242 in
1546 3193 1657 3242 tres
1719 3191 1901 3256 partes
1966 3206 2147 3241 coram
2210 3188 2386 3241 tribus
2444 3206 2507 3241 ex

473 3262 728 3317 Patribus
787 3264 845 3317 in
893 3264 1123 3334 privatis
1175 3263 1422 3317 domibus
1461 3261 1865 3334 congreganda,
1920 3262 1978 3315 in
2030 3262 2224 3331 quibus
2265 3262 2509 3315 Canones

474 3340 529 3389 et
567 3336 780 3391 decreta
816 3339 882 3391 ad
915 3342 1202 3407 utramque
1237 3356 1450 3391 causam
1476 3336 1803 3407 pertinentia
1827 3336 2243 3400 discuterentur,
2284 3336 2507 3389 eundem

473 3410 691 3463 modum
742 3413 1066 3480 procedendi
1122 3431 1214 3483 per
1261 3411 1466 3465 Classes
1516 3410 1748 3481 experiri
1797 3411 2099 3464 voluerunt.
2177 3410 2280 3473 Qui
2318 3410 2507 3464 modus

474 3484 654 3538 eadem
693 3486 903 3539 ratione
940 3505 1076 3556 quae
1113 3488 1212 3541 sub
1252 3486 1421 3540 Paulo
1460 3486 1544 3539 III
1581 3484 1766 3539 statim
1804 3485 2215 3555 derelinquitur.
