2722 4146
2193 300 2264 360 93

229 432 364 488 illud
415 431 732 499 videndum,
785 455 855 489 an
891 434 1046 492 Rom.
1088 437 1342 495 Pontifex
1391 440 1465 496 sit
1516 441 1704 515 regula
1755 441 1913 509 fidei,
1965 442 2050 496 vel
2098 463 2264 516 agens

230 510 392 574 soluS,
433 509 852 578 independenter
892 531 923 564 a
949 517 1068 566 tota
1094 513 1349 580 Ecclesia,
1389 518 1474 569 vel
1514 522 1577 571 ut
1615 522 1777 587 caput
1804 518 2015 571 unitum
2048 521 2264 588 corpori

229 603 348 636 cum
388 584 767 652 cooperatione
818 589 872 639 et
928 587 1183 658 suffragio
1223 591 1486 644 universae
1524 582 1790 645 Ecclesiae.
1867 591 2008 645 Nam
2058 593 2171 646 haec
2210 598 2264 647 et

228 677 340 710 non
367 657 474 710 alia
501 661 583 710 est
608 658 852 727 quaestiO,
882 679 999 729 quae
1025 663 1222 732 agitur.
1262 663 1557 718 Audiamus
1591 667 1818 719 eundem
1845 665 1896 719 S.
1919 665 2264 721 Antoninum

227 731 285 783 in
324 732 508 784 eodem
546 731 665 785 1000
706 739 1147 802 prosequentem:
1189 738 1261 791 Et
1302 739 1349 791 si
1389 739 1677 806 objiciatur
1719 745 1909 794 contra
1947 741 2065 805 hoc,
2100 742 2261 811 quod,

227 825 393 875 quum
418 805 564 874 Papa
604 806 676 859 sit
715 807 1006 877 singularis
1046 829 1276 879 persona
1313 816 1507 880 potens
1546 832 1765 882 peccare
1803 818 1859 867 et
1883 833 2078 880 errare,
2119 816 2262 885 apud

225 883 406 932 autem
463 884 786 948 potestatem
841 887 1111 936 errantem
1162 905 1272 938 non
1323 887 1479 940 debet
1530 906 1642 940 esse
1692 889 2013 952 auctoritas,
2073 894 2263 943 contra

226 972 383 1022 quam
434 973 545 1006 non
597 955 756 1007 liceat
808 957 1049 1024 opinari;
1115 961 1577 1028 respondendum,
1630 963 1775 1030 quod
1821 963 1950 1016 licet
2001 963 2146 1032 Papa
2198 968 2262 1017 ut

225 1028 517 1098 singularis
567 1047 825 1096 persona,
879 1034 933 1082 et
983 1033 1210 1101 proprio
1270 1039 1420 1088 motu
1473 1054 1638 1105 agens
1693 1037 1866 1105 possit
1916 1055 2095 1090 errare
2137 1083 2146 1092 .
2191 1079 2203 1090 .
2246 1079 2258 1090 .

224 1107 407 1155 tamen
447 1102 609 1171 Papa,
649 1109 800 1157 utens
844 1103 1098 1172 ConciliO,
1154 1113 1202 1160 et
1248 1111 1521 1175 requirens
1569 1111 1895 1177 adjutorium
1944 1113 2263 1165 uo'ziversalis

227 1175 511 1240 Ecclesiae,
558 1177 668 1230 Deo
710 1178 1014 1243 ordinante,
1057 1181 1148 1249 qui
1188 1182 1327 1235 dixit
1365 1182 1556 1236 Petro:
1602 1201 1704 1250 pro
1758 1190 1805 1237 te
1842 1186 2026 1252 royavi
2063 1191 2122 1238 ut
2157 1204 2259 1239 non

223 1251 432 1317 deficiat
467 1252 600 1311 fides
641 1257 746 1316 tua,
790 1271 890 1305 non
918 1259 1095 1319 potest
1134 1274 1326 1310 errare.
1407 1258 1518 1310 Nee
1556 1263 1733 1324 potest
1772 1276 1908 1324 esse,
1963 1261 2099 1326 quod
2136 1262 2257 1313 uni-

220 1326 442 1378 versalis
480 1325 723 1378 Ecclesia
763 1332 1015 1394 tanquam
1053 1347 1230 1382 verum
1267 1333 1494 1397 recipiat
1531 1333 1747 1398 aliquod
1785 1350 2068 1386 erroneum.

369 1400 515 1469 Ergo
564 1401 853 1453 secundum
905 1402 958 1455 S.
1000 1401 1342 1456 Antoninum
1392 1405 1547 1457 Rom.
1588 1405 1844 1459 Pontifex
1896 1410 1977 1460 est
2033 1407 2255 1461 ultimus

215 1474 379 1542 judex
419 1473 561 1538 fidei,
603 1475 697 1543 qui
737 1480 894 1528 utens
936 1477 1164 1530 concilio
1194 1483 1247 1531 et
1275 1479 1551 1548 requirens
1578 1481 1907 1549 adjutorium
1935 1481 2256 1535 universalis

221 1548 472 1600 Ecclesiae
525 1567 638 1601 non
689 1554 871 1618 potest
924 1569 1127 1603 errare:
1188 1552 1444 1606 Pontifex
1493 1553 1653 1606 habet
1700 1556 1788 1624 jus
1842 1555 2145 1620 ordinandi,
2201 1560 2255 1609 et

219 1623 568 1691 praecipiendi
619 1641 707 1687 ea,
779 1643 896 1693 quae
954 1630 1202 1694 spectant
1252 1627 1319 1679 ad
1371 1628 1530 1678 fidem
1588 1631 1642 1680 et
1699 1647 1898 1692 moreS,
1959 1634 2016 1682 et
2072 1649 2254 1682 omnes

219 1702 475 1749 tenentur
516 1697 747 1762 obedire,
790 1718 901 1751 non
940 1704 1170 1767 possunt
1212 1702 1524 1770 oppositum
1564 1702 1781 1766 sentire,
1822 1703 1913 1755 sed
1940 1703 2039 1755 hac
2067 1705 2253 1757 condi-

218 1771 382 1835 tione,
424 1775 486 1824 ut
525 1771 737 1825 ordinet
776 1777 830 1825 et
868 1774 1150 1842 praecipiat
1188 1776 1481 1827 secundum
1507 1775 1876 1844 Apostolicam
1903 1778 2254 1830 traditionem

218 1848 271 1896 et
311 1845 611 1898 doctrinam
652 1847 970 1900 universalis
1011 1849 1288 1911 Ecclesiae,
1343 1849 1476 1902 alias
1529 1868 1625 1901 nec
1666 1850 1919 1903 Pontifex
1958 1852 2120 1905 habet
2163 1855 2252 1920 jus

219 1919 503 1972 ordinandi
551 1926 604 1973 et
643 1922 1008 1990 praecipiendi,
1063 1941 1159 1975 nec
1210 1924 1303 1975 alii
1346 1924 1734 1993 obligationem
1775 1924 2068 1978 obediendi.
2150 1926 2251 1979 Sed

218 1993 556 2049 siPontifex
608 2001 844 2060 erraret,
897 1997 1017 2064 quis
1057 1997 1278 2050 haberet
1331 1998 1421 2065 jus
1468 1998 1745 2067 judicandi
1785 1999 1846 2050 de
1884 1999 1987 2051 hoc
2027 2003 2249 2052 errore?

215 2067 451 2120 Ecclesia
494 2070 840 2134 universalis,
894 2071 1184 2138 respondet
1225 2071 1276 2123 S.
1318 2071 1665 2124 Antoninus:
1731 2072 1927 2136 «Nec,>›
1972 2077 2101 2126 sunt
2139 2077 2250 2143 ejus

215 2143 389 2206 verba,
447 2148 666 2212 «potest
704 2162 844 2208 esse,
899 2145 1043 2212 quod
1093 2145 1412 2198 universalis
1466 2146 1704 2199 Ecclesia
1755 2152 2012 2215 tanquam
2065 2166 2249 2200 verum

213 2217 437 2285 recipiat
474 2218 695 2286 aliquod
736 2237 1071 2270 erroneum.»

360 2291 614 2343 Eamdem
654 2292 958 2344 doctrinam
1015 2293 1216 2361 repetit
1269 2297 1324 2346 et
1375 2294 1610 2347 inculcat
1654 2292 1704 2346 S.
1747 2293 2063 2347 Antoninus
2107 2299 2152 2347 3.
2194 2314 2246 2364 p.

212 2364 298 2417 tit.
343 2371 427 2418 23.
481 2384 593 2434 cap.
635 2366 734 2418 III.
789 2366 834 2432 ξ.
878 2372 964 2419 44.
1045 2366 1175 2418 Cum
1228 2368 1508 2420 statuisset
1562 2368 1713 2420 Rom.
1768 2368 2085 2420 Pontificem
2137 2388 2249 2421 esse

211 2457 493 2502 summum,
536 2459 844 2508 supremum
884 2444 937 2493 et
976 2441 1196 2492 unicum
1236 2446 1397 2510 caput
1445 2442 1618 2494 totius
1657 2442 1914 2494 Ecclesiae
1963 2462 1994 2494 a
2036 2462 2140 2511 quo
2182 2444 2247 2494 ad

213 2512 512 2565 Concilium
551 2533 662 2566 non
701 2515 829 2567 licet
880 2515 1178 2582 appellare,
1233 2516 1335 2567 sibi
1385 2516 1603 2584 objicit:
1665 2515 1994 2585 Contingere
2046 2521 2245 2584 posset,

211 2588 354 2655 quod
394 2588 541 2656 Papa
579 2588 864 2641 haereticus
905 2592 1059 2651 esset,
1114 2594 1168 2642 et
1206 2590 1370 2642 vellet
1420 2590 1673 2642 haeretica
1725 2593 1931 2642 statuta
1989 2591 2244 2653 condere3

210 2662 354 2729 quod
394 2662 440 2714 si
480 2662 840 2732 contingeret,
883 2663 1130 2715 deficeret
1171 2663 1302 2715 fides
1341 2663 1507 2727 Petri,
1548 2663 1673 2732 quia
1712 2681 1822 2715 11011
1862 2668 2016 2728 esset,
2059 2664 2151 2732 qui
2189 2662 2243 2716 111

208 2735 311 2788 1100
365 2755 490 2789 casu
538 2740 721 2805 posset
769 2736 1046 2801 resistere,
1098 2755 1194 2790 1100
1243 2741 1521 2790 teneretur
1575 2737 1814 2790 Ecclesia
1871 2739 2092 2790 statutis
2132 2740 2244 2806 ejus

207 2809 476 2863 haereticis
515 2811 746 2863 obedire.
823 2810 1053 2863 Videtur
1094 2829 1223 2881 ergo
1262 2811 1317 2863 in
1357 2812 1459 2863 hoc
1499 2830 1624 2863 casu
1656 2811 1846 2864 saltem
1883 2812 2091 2864 licitum
2132 2829 2243 2863 esse

208 2883 274 2935 ad
313 2884 544 2954 aliquem
582 2885 868 2953 appellare.
946 2883 1031 2936 Ad
1057 2885 1204 2937 istud
1243 2885 1525 2937 dicendum
1564 2885 1704 2938 sicut
1730 2885 1894 2953 priUS,
1936 2885 2077 2953 quod
2117 2884 2241 2938 licet

209 2961 270 3010 ut
309 2977 539 3027 persona
578 2959 871 3028 singularis
922 2977 986 3011 ex
1039 2962 1190 3011 motu
1244 2960 1466 3028 proprio
1518 2977 1680 3028 agens
1729 2959 1903 3026 possit
1955 2977 2132 3010 errare
2184 2958 2237 3010 in

210 3031 337 3096 fide,
389 3037 570 3085 tamen
609 3038 765 3086 utens
807 3032 1062 3096 conciliO,
1105 3037 1159 3085 et
1208 3034 1486 3102 requirens
1538 3031 1863 3101 adjutorium
1919 3032 2237 3084 universalis

209 3104 476 3171 Ecclesiae,
517 3107 630 3159 Deo
672 3107 974 3170 ordinante,
1029 3106 1122 3174 qui
1161 3107 1329 3159 dixit:
1385 3106 1502 3174 Eyo
1541 3107 1723 3172 royavi
1752 3123 1856 3170 pro
1896 3110 1944 3157 te
1971 3109 2069 3158 etc.
2127 3125 2238 3158 non

207 3183 389 3247 potest
428 3199 622 3244 errare,
664 3199 762 3233 nec
800 3184 985 3250 potest
1022 3198 1150 3243 esse,
1192 3181 1335 3249 quod
1375 3179 1694 3232 universalis
1733 3178 1970 3231 Ecclesia
2007 3179 2236 3248 accipiat

208 3253 411 3322 aliquid
451 3258 708 3323 tanquam
748 3255 1088 3318 catholicum,
1129 3254 1272 3322 quod
1312 3258 1393 3307 est
1430 3253 1772 3305 haereticum:
1833 3253 1958 3321 quia
1997 3253 2237 3306 Ecclesia

210 3327 545 3391 universaliS,
586 3347 702 3395 quae
741 3333 825 3382 est
863 3346 1075 3397 sponsa,
1129 3332 1183 3380 et
1222 3327 1330 3381 erit
1369 3345 1604 3395 semper,
1662 3329 1716 3378 et
1766 3330 1847 3379 est
1885 3345 1996 3379 non
2034 3327 2234 3380 habens

209 3401 499 3467 maculam,
558 3419 655 3452 nec
714 3421 904 3472 rugam
945 3444 956 3455 .
1001 3444 1011 3454 .
1055 3442 1067 3452 .
1145 3401 1284 3454 Item
1340 3404 1523 3453 sancta
1563 3400 1716 3452 Rom.
1783 3401 2056 3465 Ecclesia,
2117 3419 2234 3468 quae

207 3492 416 3542 semper
456 3475 798 3528 immaculata
837 3474 1158 3545 permansit,
1199 3475 1433 3526 Domino
1472 3477 1827 3542 procurante,
1881 3478 1937 3527 et
1976 3474 2027 3527 S.
2069 3474 2231 3526 Petro

210 3546 476 3615 Apostolo
517 3566 672 3616 opem
718 3550 924 3603 ferente
963 3550 1020 3600 111
1071 3549 1263 3600 saeculo
1316 3548 1502 3600 futuro
1554 3549 1890 3616 permanebit
1955 3548 2068 3600 sine
2119 3547 2230 3598 ulla

208 3621 584 3675 haeretieorum
632 3617 1000 3677 insultatione.
1079 3622 1232 3675 Cant.
1272 3621 1339 3674 V.
1375 3622 1526 3675 ‘dicit
1569 3641 1800 3692 sponsus
1849 3622 1913 3675 de
1961 3620 2227 3676 Ecclesia:
