2612 4062
2084 311 2189 362 247

1091 1169 1233 1251 IV.

138 1348 216 1416 A.
284 1347 693 1438 Vorstellung
748 1350 862 1416 der
918 1348 1825 1422 osterreichisch-deutschen
1878 1354 2180 1426 Bischofe

340 1491 421 1535 an
478 1466 661 1537 Scine
715 1467 1068 1558 Heiligkeit
1122 1492 1271 1539 vom
1330 1470 1393 1537 2.
1451 1471 1699 1540 Januar
1763 1470 1960 1543 1870

818 1605 899 1672 de
953 1606 1145 1673 modo
1201 1604 1451 1694 agendi.
1473 1595 1492 1633 ¹

511 1814 1040 1824 —————
1100 1792 1331 1849 (Eingang
1364 1793 1475 1837 ohne
1506 1792 1800 1851 Bedeutung.)

275 1941 341 1992 In
383 1940 630 2009 Synodo,
683 1942 747 1993 ad
801 1961 961 2010 quam
1017 1946 1122 1994 700
1177 1945 1230 1994 et
1277 1942 1506 2011 amplius
1547 1943 1784 2013 episcopi
1831 1962 1891 1997 ac
1943 1945 2173 2014 praelati

126 2033 189 2066 ex
241 2015 476 2084 quinque
525 2016 712 2067 mundi
765 2017 1011 2085 partibus
1052 2017 1456 2080 confluxerunt,
1510 2019 1958 2088 congregationes
2010 2038 2173 2090 gene-

125 2090 261 2142 rales
301 2091 458 2143 rebus
497 2090 738 2159 penitius
778 2091 1128 2144 discutiendis
1169 2110 1279 2144 non
1322 2091 1620 2156 sufficiunt,
1661 2093 1767 2145 nisi
1807 2111 1894 2146 eas
1933 2112 2172 2163 praeces-

125 2164 296 2216 serint
360 2165 787 2218 consultationes
847 2165 906 2218 in
966 2166 1142 2219 minus
1196 2166 1499 2218 numerosis
1559 2167 1798 2220 coetibus
1852 2167 2167 2221 institutae:

123 2238 318 2307 quibus
370 2239 659 2309 diligenter
713 2240 872 2294 factis
912 2240 1115 2310 viginti
1163 2241 1247 2292 vel
1287 2240 1521 2310 triginta
1560 2241 1886 2294 sententiam
1924 2261 2075 2295 suam
2113 2243 2166 2295 in

122 2313 542 2383 congregatione
579 2315 823 2384 generali
859 2315 1096 2368 dicentes
1123 2314 1188 2367 ad
1216 2314 1496 2384 negotium
1531 2315 1933 2368 dilucidandum
1963 2319 2168 2386 majora

120 2387 435 2456 plerumque
483 2389 821 2454 conferrent,
875 2409 1035 2459 quam
1077 2393 1170 2453 60,
1225 2389 1316 2458 qui
1367 2389 1568 2457 absque
1620 2390 1835 2458 praevia
1886 2409 2003 2442 cum
2044 2390 2165 2444 aliis

119 2461 504 2515 deliberatione
554 2481 667 2515 rem
719 2464 1161 2535 adgrederentur.
1252 2463 1481 2532 Insuper
1532 2463 1677 2516 inter
1728 2463 2006 2517 Praesules
2063 2465 2166 2517 viri

118 2539 246 2589 sunt
284 2537 586 2590 eruditione
613 2542 666 2591 et
694 2539 1024 2607 experientia
1053 2541 1407 2608 praestanteS,
1447 2538 1537 2606 qui
1567 2538 1694 2590 licet
1722 2539 1939 2608 linquae
1964 2539 2165 2592 latinae

117 2610 320 2678 optime
360 2611 554 2680 periti,
605 2631 720 2664 eam
756 2617 939 2666 tamen
978 2613 1236 2682 loquendi
1275 2631 1430 2664 usum
1470 2631 1582 2665 non
1623 2613 1837 2665 habent.
1916 2611 2159 2677 Accedit,

116 2685 258 2753 quod
313 2685 463 2738 locus
516 2687 1030 2758 congregationibus
1071 2687 1411 2758 generalibus
1451 2687 1756 2756 assignatus
1795 2687 2160 2755 praeclarissi-

114 2776 230 2811 mus
269 2760 484 2828 quidem
523 2765 620 2826 est,
662 2766 852 2831 utpote
881 2781 994 2814 non
1022 2762 1185 2832 longe
1213 2781 1243 2813 a
1271 2761 1519 2829 sepulcro
1549 2760 1599 2813 S.
1630 2760 1780 2814 Petri
1808 2761 2157 2825 constitutUS,

112 2851 297 2886 verum
338 2834 715 2888 deliberationi
742 2836 1016 2889 habendae
1056 2854 1166 2888 non
1208 2836 1354 2887 favet
1430 2834 1496 2886 In
1534 2835 1710 2903 prima
1737 2835 2158 2905 congregatione

111 2908 350 2976 generali
387 2908 533 2962 inter
574 2914 834 2974 oratores,
876 2928 1106 2980 quorum
1146 2908 1315 2977 aliqui
1354 2908 1654 2961 fortissima
1691 2909 1972 2977 pollebant
2011 2927 2156 2974 voce,

109 2999 175 3033 ne
223 3001 362 3036 unus
402 2984 617 3052 quidem
657 2988 801 3048 erat,
857 3002 1012 3053 quem
1056 3001 1237 3035 omnes
1278 2982 1528 3034 exaudire
1567 2986 1790 3051 possent
1828 2982 2047 3047 PatreS,
2105 2987 2158 3037 et

109 3055 298 3121 etiam,
351 3062 641 3127 postquam
687 3059 810 3111 aula
858 3059 916 3110 in
961 3057 1163 3109 arctius
1204 3057 1420 3108 redacta
1459 3065 1570 3118 est,
1621 3075 1816 3126 magna
1857 3074 2156 3128 congrega-

107 3133 289 3183 torum
344 3151 467 3200 pars
508 3133 747 3196 cunctis,
819 3151 953 3202 quae
1004 3131 1149 3184 dicta
1200 3133 1354 3194 sunt,
1416 3129 1772 3198 percipiendis
1831 3130 2003 3200 impar
2055 3136 2152 3187 est.

106 3203 229 3256 Viri
280 3205 384 3258 fide
434 3206 743 3276 dignissimi
793 3206 1138 3259 affirmabant
1162 3245 1174 3267 ,
1230 3204 1346 3256 fore
1386 3207 1447 3256 ut
1486 3204 1975 3273 stenographorum
2013 3206 2153 3258 rela-

105 3277 283 3332 tiones
311 3279 566 3333 Patribus
605 3282 871 3350 subsequo
914 3280 997 3332 die
1039 3278 1185 3346 typis
1225 3278 1514 3346 impressae
1553 3277 2032 3345 distribuerentur,
2074 3280 2153 3334 ita

106 3355 169 3405 ut
195 3353 412 3422 scriptis
441 3357 661 3422 excepta
687 3356 1020 3423 supplerent,
1053 3370 1186 3421 quae
1212 3352 1432 3405 auribus
1458 3351 1667 3421 percipi
1697 3370 1806 3405 non
1834 3355 2149 3423 potuerint3

103 3425 233 3479 haec
270 3430 451 3479 tamen
491 3445 610 3495 spes
649 3445 749 3479 nos
788 3428 1000 3480 fefellit.

251 3499 429 3570 Igitur
469 3499 520 3553 S.
563 3501 622 3552 T.
664 3501 896 3571 benigne
935 3499 1234 3569 permittat,
1275 3503 1338 3551 ut
1363 3498 1550 3552 Patres
1589 3499 1654 3552 ad
1682 3501 1975 3567 orationes,
2017 3522 2149 3572 quas

101 3572 161 3625 in
200 3574 624 3645 congregatione
661 3575 902 3644 generali
927 3574 1233 3639 habuerint,
1269 3572 1650 3646 imprimendas
1678 3577 2146 3651 typographorum

222 3731 237 3760 ¹
267 3734 365 3782 Von
395 3733 523 3782 Card.
557 3733 779 3781 Rausoher
809 3735 1011 3782 versasst.
