2612 4062
462 199 570 251 220

461 366 559 400 suo
600 345 807 410 Marte,
860 349 922 398 ut
961 345 1186 407 dicitur,
1239 363 1349 397 rem
1402 346 1588 401 sedulo
1629 367 1736 400 non
1781 346 2167 411 examinasset:
2234 368 2353 402 cum
2411 369 2506 419 per

461 440 578 474 eum
621 439 818 473 novum
843 422 1037 488 jugum
1077 419 1325 472 fidelibus
1365 419 1679 489 imponatur
1719 426 1773 475 et
1812 422 2150 475 incommoda
2188 424 2506 493 gravissima

460 495 651 548 exinde
713 499 964 546 secutura
1035 512 1067 546 a
1135 493 1384 562 pluribus
1448 495 1772 550 dicerentur.
1873 496 2125 549 Graviter
2182 497 2317 550 illud
2375 499 2506 553 tulit

458 567 1077 631 Westmonasteriensis,
1106 568 1364 637 injuriam
1384 568 1644 639 dignitati
1674 575 1728 624 et
1766 570 1962 624 honori
2006 571 2298 639 episcopali
2323 573 2506 625 afferri

458 662 716 713 querens:
772 642 926 711 quasi
976 642 1093 710 ipse
1147 647 1309 712 neget
1364 643 1644 714 episcopos
1697 663 1852 714 posse
1905 663 2116 708 errare,
2177 650 2273 698 aut
2321 648 2503 716 gravis

456 717 662 787 peccati
712 721 894 769 reatus
948 716 1066 769 fore
1115 716 1405 781 immunes,
1466 718 1540 782 si,
1599 737 1694 788 per
1751 719 2018 772 incuriam
2077 720 2503 786 oscitantiamve,

457 810 611 844 suum
651 791 710 843 in
749 791 848 843 hac
885 809 943 843 re
976 791 1241 859 judicium
1281 791 1386 845 rite
1427 793 1710 846 efformare
1747 793 2103 863 neglexerint.

603 865 941 918 Poteruntne
979 866 1314 934 acquiescere
1353 867 1654 920 sententiae
1694 886 1853 937 quam
1891 868 2080 920 forsan
2119 887 2399 938 nunquam
2436 871 2502 923 ad

455 940 725 993 trutinam
759 940 1159 1002 revocaverint:
1200 940 1590 1010 magistrorum
1630 942 1687 994 in
1726 942 1924 994 scholis
1965 942 2123 995 dictis
2151 942 2503 997 adhaerentes

454 1033 515 1067 ea
554 1014 750 1067 fiducia
789 1033 950 1083 quam
987 1033 1086 1083 par
1127 1019 1208 1068 est
1249 1015 1540 1083 discipulos
1570 1016 1904 1069 doctioribus
1933 1016 2219 1069 exhibere?
2262 1016 2503 1072 Libellus

453 1109 484 1141 a
523 1088 743 1142 Revmo.
766 1088 1190 1158 Archiepiscopo
1218 1089 1488 1143 Edesseno
1529 1091 1781 1159 scriptuS,
1822 1095 1877 1143 et
1914 1091 1979 1143 ab
2019 1091 2264 1144 undecim
2304 1092 2504 1146 doctis-

454 1163 603 1216 simis
667 1163 940 1233 theologis
999 1162 1257 1217 Pontifici
1316 1165 1753 1229 commendatUS,
1821 1165 2007 1218 forsan
2071 1165 2257 1218 haberi
2321 1171 2503 1235 potest

454 1242 713 1307 tanquam
761 1237 917 1290 nobis
958 1238 1213 1290 exhibens
1253 1239 1529 1292 rationum
1572 1243 1841 1292 momenta
1879 1240 2010 1292 adeo
2051 1240 2240 1310 gravia
2277 1240 2335 1292 in
2375 1261 2503 1310 pro-

452 1312 725 1365 bationem
766 1311 1082 1365 Pontificiae
1120 1313 1551 1377 infallibilitatis,
1606 1318 1670 1367 ut
1708 1332 1827 1366 cum
1867 1314 1914 1366 ei
1953 1313 2115 1366 fidere
2153 1333 2309 1367 nemo
2350 1315 2503 1368 dubi-

452 1391 569 1440 tare
608 1387 825 1449 debeat,
874 1389 988 1456 ejus
1029 1387 1401 1440 conclusiones
1454 1392 1712 1457 tanquam
1751 1387 1979 1441 totidem
2018 1388 2299 1452 veritateS,
2350 1394 2502 1443 extra

455 1479 668 1514 omnem
706 1462 854 1514 dubii
893 1461 1062 1514 aleam
1090 1462 1314 1531 positaS,
1354 1463 1594 1531 accipere
1633 1463 1755 1532 quis
1782 1466 1905 1516 tuto
1946 1463 2138 1532 possit.
2204 1461 2332 1515 Non
2360 1483 2499 1535 nego

453 1536 757 1589 doctrinam
783 1535 1097 1605 scriptoris:
1138 1555 1235 1589 nec
1270 1538 1384 1606 ejus
1411 1538 1609 1590 bonam
1650 1537 1804 1589 fidem
1830 1538 1888 1589 in
1916 1537 2284 1607 quaestionem
2310 1557 2501 1591 vocare

454 1611 593 1665 volO.
675 1610 901 1664 Possum
950 1614 1129 1663 autem
1168 1613 1400 1680 probare
1439 1631 1558 1664 eum
1598 1612 1698 1664 hac
1738 1612 1796 1665 in
1836 1631 1893 1664 re
1931 1631 2043 1664 non
2085 1611 2260 1664 omnis
2300 1613 2500 1666 erroris

452 1685 741 1737 immunem
798 1703 939 1747 esse;
999 1685 1224 1755 ideoque
1279 1688 1392 1755 ejus
1448 1686 1766 1739 auctoritati
1823 1705 1936 1739 non
1992 1686 2151 1738 nimis
2210 1686 2495 1740 fidendum.

452 1759 674 1812 Praeter
725 1760 1026 1828 exemplum
1059 1762 1171 1828 jam
1211 1760 1453 1823 allatum,
1497 1761 1711 1829 quando
1752 1761 1815 1812 de
1856 1779 2016 1813 sensu
2055 1761 2204 1813 verbi
2247 1760 2494 1814 «Petra»

451 1834 669 1887 locutus
710 1853 843 1898 sum,
884 1834 989 1886 duo
1029 1835 1137 1887 alia
1174 1835 1369 1896 affero:
1409 1835 1556 1887 aliud
1595 1854 1657 1887 ex
1698 1839 1917 1904 patrum
1954 1835 2311 1898 testimoniis:
2351 1836 2497 1889 aliud

453 1927 518 1961 ex
555 1909 918 1962 ratiocinandi
957 1909 1116 1961 modo
1158 1928 1265 1979 quo
1304 1928 1432 1962 usus
1473 1914 1571 1962 est.

601 1983 753 2037 Inter
809 1983 929 2035 loca
980 2002 1114 2053 quae
1167 1983 1301 2036 citat
1355 2002 1418 2035 ex
1465 1983 1719 2036 Patribus
1771 1984 2054 2052 desumpta
2110 1983 2339 2037 habetur
2378 1986 2498 2037 vul-

451 2058 764 2128 gatissimus
817 2062 999 2111 textus
1054 2057 1105 2111 S.
1149 2057 1448 2122 Ambrosii,
1504 2076 1663 2127 quem
1710 2059 2014 2128 subjungo,
2067 2076 2131 2110 ex
2170 2058 2387 2129 paginis
2430 2063 2493 2113 31

451 2137 506 2187 et
548 2137 612 2186 32
655 2136 955 2202 sumptum:

605 2207 705 2259 «In
742 2207 882 2260 Psal.
912 2210 981 2260 40
1021 2205 1183 2260 Num.
1213 2211 1279 2260 30
1319 2207 1450 2260 haec
1488 2207 1648 2260 dicit:
1696 2208 1850 2277 «Ipse
1888 2211 1968 2260 est
1995 2207 2192 2260 Petrus
2221 2207 2306 2260 cui
2334 2207 2497 2261 dixit:

456 2282 571 2334 «Tu
613 2300 668 2335 es
695 2281 906 2345 Petrus,
949 2285 1002 2335 et
1041 2301 1200 2350 super
1239 2282 1379 2335 hanc
1416 2286 1627 2351 petram
1667 2282 1958 2334 aedificabo
1986 2281 2279 2335 Ecclesiam
2310 2301 2495 2335 meam.

456 2356 598 2409 «Ubi
635 2375 766 2427 ergo
806 2355 1018 2420 PetruS,
1059 2356 1136 2409 ibi
1175 2356 1442 2419 Ecclesia:
1485 2357 1577 2410 ubi
1604 2356 1860 2420 Ecclesia,
1900 2356 1976 2409 ibi
2014 2357 2164 2409 nulla
2202 2375 2363 2420 morS,
2407 2358 2495 2410 sed

458 2431 606 2484 «vita
654 2435 890 2484 aeterna.
968 2430 1044 2484 Et
1093 2431 1211 2484 ideo
1260 2431 1495 2484 addidit:
1550 2435 1604 2484 et
1642 2435 1832 2500 portae
1871 2430 2033 2483 inferi
2071 2450 2182 2484 non
2223 2431 2498 2500 praevale-

455 2506 630 2558 «bunt
679 2505 757 2558 ei:
810 2509 866 2559 et
914 2505 1026 2558 dibi
1073 2506 1210 2558 dabo
1252 2506 1424 2558 claves
1463 2505 1641 2574 Regni
1682 2505 1982 2558 Coelorum.
2061 2504 2262 2558 Beatus
2303 2504 2498 2559 Petrus

455 2580 575 2633 «cui
615 2598 728 2633 non
767 2580 1070 2633 inferorum
1108 2582 1273 2648 porta
1312 2579 1632 2647 praevaluit,
1673 2597 1786 2632 non
1815 2578 1961 2631 Coeli
1993 2583 2152 2648 porta
2190 2598 2245 2632 se
2285 2579 2495 2644 clausit,

455 2655 579 2707 «sed
619 2673 647 2707 e
686 2655 962 2708 contrario
1001 2653 1271 2707 destruxit
1310 2653 1474 2705 inferi
1512 2652 1795 2716 vestibula,
1836 2656 2022 2720 patere
2062 2653 2190 2706 fecit
2229 2654 2495 2718 coelestia,

456 2728 712 2782 «Coelum
750 2728 996 2798 aperuit,
1047 2727 1250 2780 inferos
1290 2727 1543 2781 clausit.»
1623 2725 1761 2779 Sane
1799 2727 1846 2779 si
1885 2726 1978 2779 ubi
2016 2731 2097 2779 est
2136 2726 2360 2791 PetruS,
2403 2747 2495 2781 seu

453 2804 546 2857 ubi
584 2807 715 2857 sunt
752 2803 867 2856 eius
906 2821 1238 2856 successores
1264 2801 1496 2854 Romani
1523 2801 1833 2864 PontificeS‚
1875 2800 1967 2870 qui
2007 2819 2193 2854 omnes
2223 2801 2495 2856 Primatus

452 2878 858 2949 praerogativas
886 2877 1262 2940 obtinuerunt,
1291 2876 1368 2928 ibi
1393 2879 1474 2928 est
1501 2875 1757 2939 Ecelesia,
1799 2878 1854 2928 et
1892 2875 2092 2943 absque
2131 2875 2324 2928 mortis
2351 2877 2495 2945 peri-

453 2954 574 3006 culo
613 2953 729 3006 vita
767 2956 1004 3015 aeterna,
1045 2954 1224 3005 totum
1251 2947 1862 3003 Ecclesiaeaedificium
1899 2949 2200 3002 necessario
2226 2950 2284 3002 in
2311 2969 2493 3004 eorum

453 3027 557 3079 fide
605 3027 893 3080 fundatum
942 3025 1227 3079 dicendum
1277 3029 1386 3087 est:
1447 3027 1779 3094 quapropter
1831 3042 1892 3075 ea
1942 3023 2323 3078 indefectibilis
2381 3043 2496 3079 esse

453 3101 639 3165 debet,
680 3105 843 3171 atque
881 3101 960 3154 ita
998 3100 1122 3170 ipsi,
1162 3099 1340 3169 portis
1380 3099 1543 3152 inferi
1581 3097 1821 3160 devictiS,
1862 3097 1921 3150 in
1959 3116 2084 3150 vera
2122 3098 2226 3151 fide
2265 3098 2494 3153 Christi-

455 3174 637 3227 fideles
677 3176 1038 3239 continenteS,
1079 3175 1154 3227 eis
1194 3174 1443 3227 caelestia
1483 3171 1870 3243 patefaciunt».

601 3247 762 3302 Hunc
799 3250 977 3303 locum
1016 3249 1121 3303 sibi
1159 3249 1428 3317 objecerat
1466 3246 1961 3300 Reverendissimus
1989 3247 2290 3317 Episcopus
2316 3247 2492 3301 Aure-

454 3321 710 3375 lianensis
748 3323 806 3375 in
845 3324 1034 3392 primis
1073 3323 1184 3376 suis
1221 3322 1440 3386 litteriS,
1482 3325 1538 3376 et
1573 3340 1634 3375 eo
1672 3321 1830 3374 modo
1871 3340 1976 3391 quo
2017 3321 2121 3374 sibi
2161 3322 2490 3386 conveniret,

453 3396 730 3465 exposuit:
770 3397 910 3450 nihil
948 3398 1200 3452 dubitans
1236 3400 1448 3452 textum
1474 3394 1751 3449 Ambrosii
1789 3395 1896 3449 alio
1936 3414 2097 3465 quam
2133 3414 2292 3449 sensu
2332 3395 2490 3449 obvio

453 3469 823 3539 accipiendum
850 3489 979 3536 esse,
1021 3490 1246 3542 eumque
1271 3488 1458 3524 revera
1482 3470 1717 3525 indicare
1745 3469 2039 3523 Ecclesiam
2066 3487 2186 3523 cum
2212 3470 2392 3534 Petro,
2430 3470 2488 3522 in

454 3545 616 3598 rebus
640 3543 762 3597 fidei
791 3546 1173 3610 controversis,
1212 3545 1553 3610 identificari,
1593 3543 1736 3614 quod
1760 3544 1956 3597 nedum
1981 3544 2278 3615 negaverit,
2305 3548 2489 3614 aperte

455 3617 698 3700 agnovit.
782 3616 934 3679 Inter
989 3619 1125 3677 alios
1174 3620 1269 3695 qui
1319 3619 1611 3692 praedictis
1659 3617 1863 3673 litteris
1911 3636 2170 3690 responsa
2221 3618 2485 3683 dederint,
