2612 4062
462 252 570 310 126

463 407 940 473 supervacaneam,
993 398 1271 464 inutilem,
1314 395 1405 453 sed
1445 401 1500 453 et
1538 395 1958 485 impossibilem:
1997 401 2051 453 et
2091 399 2381 471 antequam
2419 395 2510 455 de—

466 478 919 532 monstrationem
958 493 1247 546 aggressus
1286 478 1457 539 esset,
1499 474 1770 528 debuisset
1806 474 2112 545 inquirere:
2170 476 2300 546 quid
2338 476 2511 547 signi-

468 555 618 616 ficet,
674 554 888 606 decreta
926 550 1209 603 Pontificis
1261 567 1374 602 esse
1412 567 1443 601 a
1482 567 1798 618 quacunque
1837 549 2089 603 Ecclesiae
2130 551 2513 620 cooperatione

466 632 520 680 et
542 646 805 680 consensu
826 624 1165 678 antecedenti
1193 623 1412 678 omnino
1453 618 1895 693 independenter,
1936 643 2162 694 prorsus
2200 625 2513 678 iireforma-

465 702 627 763 bilia;
667 720 738 754 an
777 701 881 753 hoc
919 698 1226 770 significet,
1269 699 1481 751 decreta
1520 697 1802 751 Pontificis
1841 717 1954 752 esse
1995 699 2215 752 omnino
2255 699 2513 769 indepen-

465 775 677 839 dentia,
720 775 882 828 etiam
921 775 987 826 ab
1027 774 1328 843 apostolica
1366 772 1681 837 traditione,
1723 791 1840 825 cum
1880 773 2024 826 enim
2063 774 2361 843 apostolica
2399 778 2513 827 tra-

465 850 600 902 ditio
639 849 706 901 ad
745 868 845 902 nos
883 849 1194 918 pervenerit
1232 867 1328 917 per
1370 847 1805 916 cooperationem
1844 847 2108 901 universae
2149 848 2419 911 Ecclesiae,
2461 852 2516 901 et

464 925 579 992 ipsa
618 923 845 976 traditio
885 923 1119 976 ecclesiae
1150 923 1411 976 Romanae
1451 922 1621 974 fuerit
1659 939 1778 974 oum
1817 922 1922 975 ista
1961 922 2257 976 traditione
2297 923 2514 975 univer-

466 998 564 1050 sali
587 998 894 1062 commixta,
919 1016 1037 1050 cum
1064 997 1291 1050 traditio
1313 997 1569 1049 Romanae
1610 996 1842 1049 ecclesiae
1883 997 2130 1050 involvat
2166 997 2515 1050 traditionem

467 1072 614 1126 illius
655 1073 808 1137 fidei,
869 1091 987 1142 quae
1027 1072 1084 1124 in
1128 1071 1386 1125 Conciliis
1426 1070 1766 1123 oecumenicis
1807 1071 2025 1124 definita
2066 1075 2175 1124 est:
2219 1072 2261 1124 si
2302 1072 2516 1124 decreta

466 1146 753 1209 Pontificis
801 1147 1100 1216 penderent
1151 1166 1182 1198 a
1220 1145 1518 1199 traditione
1557 1143 1907 1214 Apostolica‚
1967 1146 2263 1214 penderent
2303 1163 2516 1215 quoque

465 1222 530 1274 ab
557 1222 902 1275 antecedenti
929 1221 1182 1274 Ecclesiae
1222 1221 1487 1273 universae
1527 1220 1923 1288 cooperatione,
1965 1219 2108 1289 quod
2146 1221 2205 1272 in
2243 1220 2386 1274 thesi
2426 1238 2515 1272 ex-

468 1296 721 1350 cluditur.
776 1297 861 1349 En
890 1296 1158 1366 quomodo
1189 1294 1673 1349 contradictionem
1700 1294 1946 1347 involvat
1986 1295 2082 1346 illa
2119 1295 2316 1348 thesis:
2359 1294 2514 1347 Rom.

466 1371 722 1424 Pontifex
780 1376 862 1424 est
911 1371 1218 1423 infallibilis
1258 1369 1684 1438 independenter
1724 1389 1754 1421 a
1794 1387 2111 1439 quacunque
2153 1369 2263 1422 sive
2302 1371 2518 1421 antece-

471 1445 633 1498 dente
684 1447 797 1499 sive
838 1445 1238 1498 concomitante
1277 1445 1388 1496 sive
1428 1445 1787 1512 subsequente
1828 1443 2209 1512 cooperatione
2249 1443 2515 1496 Ecclesiae.

616 1521 763 1592 Ergo
792 1520 1081 1590 probatum
1112 1524 1210 1582 est,
1252 1519 1438 1571 falsam
1482 1522 1538 1571 et
1577 1519 1954 1589 imaginariam
1993 1536 2106 1571 esse
2145 1519 2294 1570 illam
2335 1536 2516 1570 neces-

469 1594 686 1648 sitatem
725 1594 1024 1664 personalis
1064 1593 1473 1646 infallibilitatis
1513 1592 1814 1646 Pontificis.
1869 1592 2029 1645 Nunc
2068 1594 2354 1646 secundam
2393 1611 2519 1661 par-

469 1674 576 1722 tem
632 1669 953 1739 objectionis
993 1669 1332 1721 refutandam
1373 1667 1725 1732 assumimUS,
1787 1686 1892 1737 qua
1931 1667 2192 1720 asseritur
2233 1687 2329 1738 per
2369 1667 2519 1719 illam

469 1745 806 1813 personalem
846 1743 1295 1796 infallibilitatem
1335 1742 1475 1794 effici
1516 1742 1755 1812 regimen
1796 1742 2047 1795 Ecclesiae
2088 1742 2386 1812 simplicius
2410 1783 2422 1806 ,
2465 1745 2519 1793 et

470 1818 589 1872 ideo
629 1819 921 1872 tenendum
960 1837 991 1870 a
1031 1817 1143 1870 Deo
1184 1817 1547 1870 constitutum
1586 1835 1713 1869 esse.

617 1893 1052 1962 Respondemus:
1095 1892 1268 1944 Deum
1294 1909 1452 1962 agere
1480 1891 1695 1960 quidem
1721 1891 1879 1944 modo
1920 1891 2166 1958 simplici,
2209 1891 2300 1943 sed
2338 1909 2521 1942 rerum

470 1968 682 2020 naturis
741 1970 1106 2038 congruente:
1167 1967 1326 2019 modo
1386 1965 1637 2034 simplici,
1694 1966 1785 2018 sed
1845 1984 1938 2034 per
1999 1984 2183 2019 causas
2225 1965 2520 2018 obtinendo

466 2043 721 2095 effectum
771 2046 926 2111 aptas
980 2045 1034 2094 et
1075 2041 1488 2104 convenienteS,
1542 2058 1651 2092 non
1697 2059 1789 2108 per
1827 2039 2209 2092 miraculosum
2249 2044 2304 2093 et
2342 2043 2520 2092 extra-

473 2116 805 2169 ordinarium
836 2117 1222 2169 interventum.
1275 2114 1397 2167 Jam
1424 2133 1551 2167 vero
1591 2115 1781 2167 modus
1820 2114 1924 2167 iste
1963 2114 2206 2183 simplex,
2248 2118 2302 2167 et
2340 2132 2521 2166 rerum

472 2190 685 2243 naturis
747 2209 1049 2260 congruens
1110 2188 1479 2242 constituendi
1538 2189 1828 2241 infallibile
1867 2189 2263 2259 magisterium,
2329 2188 2519 2240 modus

474 2265 576 2318 iste
635 2265 885 2334 simplex,
948 2283 1053 2334 quo
1114 2282 1178 2316 ex
1237 2264 1378 2332 aptis
1437 2267 1490 2316 et
1531 2263 1977 2316 convenientibus
2019 2264 2193 2316 causis
2232 2263 2521 2315 infallibile

471 2340 844 2409 magisterium
864 2339 1116 2391 Ecclesiae
1141 2342 1442 2408 exurgeret,
1485 2338 1576 2390 ille
1615 2341 1746 2403 erat,
1790 2342 1852 2391 ut
1891 2357 2053 2406 supra
2092 2339 2383 2406 probatum
2423 2341 2519 2400 est,

473 2418 533 2466 ut
577 2414 634 2465 in
674 2413 996 2465 universalis
1031 2412 1286 2465 Ecclesiae
1320 2431 1352 2464 a
1391 2411 1602 2479 Spiritu
1641 2416 1828 2465 sancto
1871 2412 2070 2465 edoctae
2110 2412 2369 2482 suffragio
2412 2411 2522 2464 col-

471 2487 743 2539 locaretur
783 2505 1032 2555 suprema
1071 2491 1124 2539 et
1162 2486 1575 2539 irreformabilis
1615 2490 1883 2554 potestaS,
1945 2487 2071 2555 quia
2109 2488 2208 2540 sub
2248 2486 2523 2539 ordinaria

474 2561 786 2613 assistentia
814 2559 1054 2629 Spiritus
1095 2560 1267 2612 sancti
1307 2560 1652 2612 connaturali
1690 2561 1849 2613 modo
1890 2561 2071 2624 fiebat,
2113 2566 2175 2614 ut
2215 2579 2397 2614 omnes
2438 2578 2522 2612 ec-

474 2634 664 2699 clesiae,
707 2653 890 2687 omnes
931 2634 1204 2703 Episcopi,
1248 2652 1368 2685 cum
1406 2633 1626 2685 ecclesia
1665 2637 1837 2686 matre
1876 2634 2158 2703 imprimiS,
2200 2634 2423 2688 nonnisi
2463 2634 2521 2686 in

472 2708 772 2778 apostolica
810 2708 1121 2771 traditione,
1162 2707 1382 2760 nonnisi
1422 2707 1478 2758 in
1519 2706 1636 2775 ipsa
1676 2707 1904 2760 veritate
1946 2709 2233 2761 convenire
2274 2712 2520 2777 possent:

474 2783 600 2835 dum
653 2788 874 2836 econtra
913 2782 1201 2835 infallibile
1239 2781 1610 2851 magisterium
1649 2799 1745 2850 per
1783 2781 1932 2833 illam
1970 2783 2305 2850 personalem
2345 2786 2401 2835 et
2438 2782 2524 2834 in-

473 2857 865 2926 dependentem
915 2856 1075 2909 unius
1115 2856 1270 2910 Rom
1312 2855 1599 2908 Pontificis
1656 2857 2039 2908 auctoritatem
2078 2856 2271 2910 fuisset
2311 2856 2522 2926 quidem

473 2931 660 2984 modus
700 2931 927 3000 simplex
963 2930 1327 3001 gubernandae
1366 2930 1645 2994 Ecclesiae,
1706 2930 1797 2982 sed
1834 2930 2055 2983 minime
2092 2949 2272 2983 rerum
2310 2931 2522 2984 naturis

477 3024 799 3076 congruens,
821 3023 1044 3058 minime
1071 3024 1136 3057 ex
1174 3006 1317 3074 aptis
1358 3008 1413 3059 et
1453 3004 1899 3057 convenientibus
1941 3005 2112 3058 causis
2154 3004 2522 3058 connaturali-

474 3084 558 3132 ter
597 3098 881 3151 exurgens,
923 3079 1015 3133 sed
1054 3083 1272 3133 tantum
1310 3097 1405 3149 per
1444 3078 1937 3132 extraordinarium
1975 3079 2345 3132 interventum
2385 3078 2522 3132 divi-

475 3152 682 3216 nitatis,
705 3171 800 3223 per
841 3154 1164 3208 continuum
1201 3154 1539 3218 miraculum,
1580 3157 1636 3206 et
1674 3152 1891 3223 quidem
1928 3154 2132 3207 factum
2171 3155 2371 3223 absque
2410 3154 2522 3206 ulla

476 3227 831 3292 necessitate,
872 3246 993 3282 cum
1031 3228 1300 3298 potuisset
1340 3229 1587 3282 sufficere
1627 3227 1899 3280 ordinaria
1936 3228 2246 3282 assistentia
2285 3228 2522 3298 Spiritus

479 3300 655 3352 sancti
693 3305 749 3354 et
785 3302 1104 3373 suffragium
1130 3302 1398 3367 Ecclesiae,
1439 3302 1583 3372 quod
1610 3301 1865 3355 Pontifici
1903 3302 2032 3356 adeo
2073 3321 2280 3372 semper
2318 3305 2520 3372 praesto

477 3377 577 3438 est,
618 3377 681 3426 ut
720 3392 816 3443 per
835 3345 1025 3429 XVIII
1064 3378 1258 3430 saecula
1295 3395 1572 3446 nunquam
1611 3377 1669 3430 in
1708 3381 1961 3430 concreto
1999 3377 2245 3446 potuerit
2282 3376 2521 3440 definire,

476 3447 604 3519 quia
634 3447 771 3500 illud
796 3447 1047 3502 Ecclesiae
1086 3451 1407 3523 suffragium
1442 3451 1531 3504 vel
1568 3450 1745 3505 invito
1783 3468 1896 3503 non
1934 3451 2247 3517 occurrerit,
2288 3451 2372 3504 vel
2409 3468 2523 3503 non

481 3520 813 3592 praeluxerit.

627 3595 776 3667 Ergo
816 3613 881 3648 ex
919 3596 1235 3666 scripturis,
1274 3603 1390 3654 tum
1430 3600 1490 3654 in
1529 3618 1612 3666 se,
1652 3599 2055 3668 comparatione
2091 3598 2363 3664 adhibita,
2402 3601 2521 3652 tum

479 3669 776 3725 secundum
812 3669 1172 3726 universalem
1210 3674 1718 3746 interpretationem
1753 3676 1973 3744 patrum
2009 3677 2068 3730 et
2102 3673 2387 3729 doctorum
2418 3671 2522 3727 Ec-
