2722 4146
2173 313 2240 362 13

346 451 706 518 Hieronymus
744 450 834 503 lib.
876 450 918 503 Ι.
960 456 1102 506 cont.
1145 452 1326 506 Jovin.
1369 470 1483 522 cap.
1527 457 1646 507 26..
1712 451 1823 507 «At
1861 454 2035 507 dices.
2077 474 2239 525 super

197 525 418 578 Petrum
458 525 714 577 fundatur
766 524 1034 590 Ecclesia,
1089 527 1217 580 licet
1264 527 1315 580 id
1350 526 1530 596 ipsum
1569 528 1626 580 in
1678 528 1786 580 alio
1841 547 2002 597 super
2053 548 2238 583 omnes

197 598 498 668 Apostolos
539 599 652 661 fiat,
695 602 879 651 cuncti
919 600 1093 653 claves
1134 602 1289 671 regni
1319 602 1574 654 coelorum
1600 602 1872 671 accipiant
1899 607 1953 655 et
1981 621 2043 655 ex
2084 622 2236 673 aequo

197 691 355 742 super
392 692 479 726 eos
507 672 762 725 Ecclesiae
789 673 1060 726 fortitudo
1091 676 1383 729 solidetur:
1410 679 1591 728 tamen
1620 679 1911 746 propterea
1937 677 2082 729 inter
2103 678 2238 730 duo-

196 748 366 799 decim
386 766 524 799 unus
545 746 785 816 eligitur,
808 754 869 800 ut
890 749 1066 816 capite
1089 750 1391 802 constituto
1413 750 1644 803 tollatur
1658 750 1959 804 schismatis
1975 753 2198 804 occasiO.
2210 772 2234 799 »

345 822 698 874 Theodorctus
750 821 804 872 in
843 821 922 876 Ps.
969 827 1084 875 86.:
1146 823 1550 876 «Fundamenta
1601 825 1820 893 pietatis
1871 825 2056 877 divina
2108 832 2238 879 sunt

195 896 531 958 documenta,
571 899 783 947 montes
824 913 950 949 vero
991 899 1182 961 sancti,
1225 916 1388 965 supra
1415 917 1550 966 quos
1576 899 1690 951 haec
1715 900 2068 952 fundamenta
2087 901 2237 969 jecit,

195 969 480 1022 salvatoris
522 969 697 1021 nostri
736 974 866 1023 sunt
906 971 1190 1040 Apostoli:
1252 972 1315 1023 de
1367 972 1452 1024 his
1506 973 1650 1025 enim
1707 974 1756 1024 b.
1814 972 2012 1026 Paulus
2072 974 2234 1027 dixit.

194 1043 608 1129 superaedificati
647 1062 808 1111 super
848 1045 1260 1099 fundamentum
1299 1044 1694 1114 Apostolorum
1734 1051 1788 1100 et
1831 1047 2236 1116 prophetarum,

196 1137 315 1170 cum
355 1122 495 1170 esset
533 1119 646 1186 ejus
688 1118 826 1186 lapis
866 1121 1143 1190 angularis
1186 1119 1435 1173 Christus
1475 1119 1648 1173 Jesus.
1715 1121 1788 1174 Et
1827 1140 2016 1174 rursus
2044 1121 2236 1176 Petrus

193 1197 248 1245 et
286 1191 518 1244 Jacobus
560 1196 613 1244 et
639 1191 893 1256 Joannes,
937 1195 1029 1263 qui
1059 1195 1378 1247 videbantur
1408 1195 1671 1247 columnae
1711 1212 1849 1248 esse:
1893 1199 1947 1248 et
1972 1195 2236 1249 Dominus

194 1266 356 1319 Petro
397 1270 524 1334 post
562 1285 742 1318 veram
782 1272 835 1320 et
875 1269 1113 1321 divinam
1154 1269 1303 1322 illam
1343 1270 1754 1322 confessionem:
1803 1270 1884 1321 Tu
1923 1288 1976 1322 es
2017 1271 2231 1336 Petrus,

192 1347 239 1393 et
278 1358 437 1407 super
475 1341 608 1393 hauc
653 1347 993 1406 petram...
1037 1348 1091 1396 et
1129 1362 1340 1395 rursus:
1413 1342 1515 1395 Vos
1574 1346 1700 1397 estis
1752 1345 1845 1397 lux
1895 1345 2095 1407 mundi,
2149 1350 2233 1398 et:

191 1433 293 1467 *non
326 1420 500 1481 potest
540 1417 728 1468 cicutas
769 1418 1016 1470 abscondi
1054 1436 1222 1484 snpra
1247 1423 1466 1470 montem
1487 1420 1668 1483 posita
1696 1437 1860 1487 supra
1899 1418 1998 1471 hos
2025 1423 2236 1472 montes

192 1494 408 1542 sanctos
448 1489 714 1542 Dominus
755 1490 1001 1544 Christus
1041 1492 1263 1561 pietatis
1304 1492 1653 1544 fundamenta
1686 1493 1870 1561 Jecit‚»

340 1564 411 1616 Et
452 1564 510 1615 in
550 1564 816 1617 Ezechiel.
861 1572 955 1618 43:
1021 1567 1234 1636 «Atque
1293 1566 1380 1618 hic
1438 1585 1693 1618 numerus
1751 1566 2055 1619 cubitorum
2117 1585 2236 1619 cum

191 1638 357 1690 sacris
398 1637 680 1706 Apostolis
722 1641 1010 1703 consentit,
1053 1642 1145 1710 qui
1176 1642 1325 1692 bases
1367 1645 1421 1693 et
1462 1640 1763 1708 crepidines
1803 1641 2000 1692 divinae
2040 1643 2233 1710 gratiae

191 1714 414 1764 fuerunt
454 1722 508 1764 et
535 1712 787 1765 Ecclesiae
827 1714 1237 1768 fundamentum
1278 1719 1331 1767 et
1372 1715 1618 1782 crepido:
1663 1715 1748 1766 Tu
1776 1717 1993 1767 enimes
2020 1715 2234 1779 Petrus,

192 1787 391 1855 inquit,
434 1792 483 1839 et
521 1805 683 1853 super
721 1794 847 1840 etc.»
1618 1805 1621 1808 ’

338 1862 655 1914 Ambrosius
705 1863 1003 1915 Ansbertus
1061 1863 1153 1915 lib.
1215 1863 1313 1915 ΠΙ.
1369 1863 1424 1914 111
1486 1863 1723 1931 apocal.:
1794 1862 1988 1916 «Petro
2041 1868 2236 1932 typum

190 1935 441 1987 Ecclesiae
493 1937 705 2005 gerenti
758 1936 1025 1990 Dominus
1079 1937 1186 1990 ait:
1251 1937 1425 2003 Super
1482 1939 1614 1990 lianc
1677 1943 1885 2003 petram
1948 1939 2234 2005 aedificabo

192 2009 487 2063 Ecclesiam
525 2029 708 2073 meam,
751 2029 812 2063 ac
852 2012 896 2063 si
936 2012 1164 2064 diceret:
1208 2031 1368 2080 super
1410 2031 1490 2064 me
1531 2012 1805 2064 aedificabo
1847 2016 1952 2065 te.»

341 2084 412 2137 Et
451 2085 544 2136 lib.
587 2085 680 2139 IV.
724 2086 780 2137 in
820 2087 1052 2154 apocal:
1112 2086 1309 2139 «Petro
1338 2091 1533 2155 typum
1572 2086 1826 2139 Ecclesiae
1876 2086 2090 2156 gerenti
2128 2087 2231 2139 ait:

199 2159 549 2225 Quodcmzque
589 2160 841 2227 Ziyaveris
869 2203 878 2213 .
912 2202 923 2213 .
956 2182 1002 2212 .>›

339 2233 412 2286 Et
451 2234 542 2287 lib.
586 2234 651 2286 V.
695 2235 752 2286 in
793 2236 1024 2303 apocal.:
1072 2236 1258 2297 «Quod
1299 2236 1461 2288 Petro
1504 2235 1734 2288 dicitur:
1791 2235 1915 2286 Tibi
1955 2235 2088 2287 dabo
2129 2235 2232 2287 cla-

191 2326 303 2361 ves:
343 2306 480 2359 illud
520 2309 664 2376 quod
705 2309 868 2361 simili
909 2310 1186 2363 locutione
1239 2311 1305 2362 ad
1364 2311 1644 2363 duodecim
1696 2307 2022 2377 Apostolos:
2077 2327 2232 2376 quae-

192 2400 389 2449 eunque
443 2383 741 2449 Zigycwerz'tis
770 2425 780 2435 .
813 2425 822 2434 .
854 2425 864 2435 .
927 2385 1232 2452 specialiter
1285 2386 1421 2449 illis,
1485 2388 1540 2437 et
1595 2383 1923 2453 generaliter
1982 2383 2229 2435 omnibus

193 2462 350 2509 rectae
390 2457 515 2508 fidei
554 2462 817 2527 rectaeque
857 2459 1191 2526 operationis
1233 2459 1545 2511 doctoribus
1585 2462 1899 2527 aptantur.»

339 2531 412 2583 Et
452 2531 544 2584 lib.
588 2531 743 2584 VIL:
791 2531 986 2585 «Petro
1027 2539 1220 2602 typum
1247 2533 1500 2585 Ecclesiae
1540 2532 1753 2603 gerenti
1794 2532 1902 2584 ait:
1949 2532 1997 2583 T
1997 2533 2071 2584 ibi
2100 2533 2233 2584 dabo

191 2605 360 2658 claves
390 2647 399 2656 .
430 2647 440 2656 .
473 2625 520 2658 .>›

339 2680 674 2733 Paschasius
712 2680 1015 2734 Radbertus
1055 2681 1394 2751 Corbejensis
1434 2681 1616 2734 Abbas
1656 2681 1748 2735 lib.
1779 2678 1928 2734 VIII.
1954 2681 2010 2732 in
2032 2680 2228 2733 Matth.

193 2753 369 2806 XVL:
416 2753 574 2806 «Non
615 2774 778 2823 super
817 2775 984 2808 unum
1024 2756 1263 2820 Petrum,
1308 2776 1492 2809 verum
1532 2775 1693 2825 super
1721 2774 1905 2808 omnes
1934 2754 2232 2823 Apostolos

193 2827 691 2898 Apostolorumque
732 2849 1062 2883 successores
1103 2831 1342 2884 Ecclesia
1383 2831 1481 2883 Dei
1522 2831 1871 2882 aedificatur.»

344 2902 741 2971 Chrysostomus
780 2905 922 2957 hom.
951 2911 1032 2958 79.
1076 2924 1237 2974 super
1279 2906 1506 2958 Matth.:
1548 2905 1720 2957 Pasce
1758 2922 1873 2956 oves
1911 2920 2066 2966 meus,
2111 2921 2229 2954 cum

191 2977 355 3029 tertio
395 2977 572 3046 ipsum
611 2978 1020 3048 interrogasset,
1063 2980 1164 3032 hoc
1201 2980 1400 3033 amoris
1439 2982 1821 3048 argumentum
1875 2995 1986 3029 esse
2033 2977 2229 3028 confir-

192 3051 378 3114 mavit,
421 3052 564 3121 quod
604 3072 711 3105 non
753 3055 817 3106 ad
858 3055 1159 3107 sacerdotes
1212 3056 1386 3107 solum
1425 3054 1629 3106 dictum
1669 3056 1776 3115 est,
1831 3069 2017 3103 verum
2066 3050 2230 3103 etiam

191 3125 255 3176 ad
298 3092 543 3194 singulos
583 3131 850 3191 nostrum,
894 3129 1100 3213 quibus
1129 3130 1213 3181 vel
1252 3129 1507 3180 minimus
1554 3146 1687 3196 grex
1746 3125 2058 3177 commissus
2118 3142 2229 3177 esse

195 3199 432 3262 videtur;
491 3219 590 3253 nec
647 3203 787 3254 enim
845 3203 972 3271 quia
1032 3203 1282 3256 minimus
1323 3206 1420 3265 est,
1481 3200 1683 3270 negligi
1740 3199 1945 3253 debet.»
2052 3198 2130 3251 Cf.
2171 3198 2229 3250 in

193 3271 351 3326 Joan.
393 3273 537 3326 XXI.
580 3279 634 3328 et
671 3275 869 3331 Matth.
912 3277 1058 3330 XVI.

342 3346 396 3400 S.
437 3348 686 3403 Basilius
726 3351 785 3402 in
824 3351 1084 3420 prooemio
1126 3353 1188 3404 de
1221 3351 1424 3420 judicio
1465 3349 1589 3400 Dei:
1637 3347 1863 3400 «Petrus
1904 3347 1995 3399 ille
2022 3347 2225 3409 beatuS‚

194 3419 441 3474 omnibus
481 3423 760 3492 discipulis
799 3427 1080 3493 praelatUS‚
1136 3425 1232 3478 uni
1284 3425 1385 3477 soli
1436 3424 1641 3492 majora
1687 3423 1813 3475 data
1852 3426 2013 3484 sunt,
2067 3438 2223 3489 quam

194 3494 332 3558 31118,
372 3497 701 3561 testimonia,
743 3500 836 3568 qui
876 3500 1197 3568 praedicatus
1237 3502 1317 3551 est
1343 3499 1548 3561 beatus,
1590 3497 1676 3549 cui
1716 3497 1889 3549 claves
1928 3495 2085 3566 regni
2124 3510 2225 3545 coe—

192 3569 371 3620 lorum
409 3571 729 3624 concreditae
768 3578 948 3627 sunt.»

343 3642 445 3696 Sed
482 3644 621 3696 idem
660 3644 711 3698 S.
754 3646 988 3701 Basilius
1036 3647 1190 3700 docet
1236 3647 1294 3698 in
1334 3645 1760 3699 Monasticarum
1810 3641 2223 3696 institutionum

194 3734 307 3789 cap.
330 3722 443 3770 23.:
471 3718 676 3786 «Petris,
705 3719 902 3791 inquit,
925 3739 1076 3775 amas
1095 3739 1174 3774 mc
1185 3722 1315 3789 plus
1334 3720 1461 3774 his?
1483 3738 1643 3787 pasce
1663 3736 1778 3772 oves
1797 3735 1953 3780 meas,
1978 3719 2034 3768 et
2053 3714 2224 3767 omni-
