2722 4146
2146 310 2216 368 83

183 455 268 513 cui
320 454 548 528 quilibet
613 455 976 528 cujuscunque
1034 459 1209 516 status
1267 460 1351 516 vel
1391 456 1694 534 dignitatis,
1754 455 1963 516 etiamsi
2016 461 2226 532 papalis

181 534 395 598 existat,
437 533 653 586 obedire
691 537 910 586 tenetur
951 533 1008 585 in
1049 534 1149 601 his,
1192 556 1310 606 quae
1350 537 1630 606 pertinent
1669 537 1736 588 ad
1765 537 1923 590 fidem
1961 541 2017 589 et
2055 537 2223 589 extir-

181 608 457 677 pationem
499 607 631 660 dicti
670 607 972 660 schismatis
1014 606 1090 675 (et
1130 611 1570 665 reformationem
1621 611 1928 682 generalem
1972 610 2224 663 Ecclesiae

182 684 236 734 in
278 682 454 750 capite
493 687 547 734 et
587 681 646 733 in
689 682 1013 750 membris).›>

329 756 429 808 Die
468 757 610 807 lunae
649 760 776 823 post
826 756 1031 809 Pascha
1078 759 1340 827 Deputati
1392 758 1692 812 Nationum
1750 759 1894 812 uniti
1945 758 2225 828 conquesti

183 834 310 883 sunt
363 830 539 898 quoad
594 830 751 882 verba
808 835 860 883 et
900 832 1160 885 articulos
1200 832 1455 886 omissos:
1499 837 1553 886 61
1592 832 1856 886 Nationes
1897 835 2226 895 statuerunt,

186 909 243 957 ut
283 904 340 956 in
380 904 626 972 proxima
677 905 911 957 sessione
963 907 1274 976 legerentur
1315 910 1368 959 et
1409 926 1485 972 ea,
1545 926 1663 976 quae
1705 908 1899 960 omissa
1946 911 2118 971 erant,
2173 910 2227 959 et

181 980 286 1031 6116
325 978 666 1030 adderentur.
2169 983 2171 986 ⁴

329 1052 429 1103 Die
469 1056 618 1104 sexto
659 1051 866 1120 Aprilis
907 1053 1092 1107 habita
1133 1054 1238 1107 fuit
1279 1054 1444 1107 sessio
1485 1055 1693 1123 quinta.
1751 1054 1886 1108 Octo
1916 1054 2226 1108 Cardinales

184 1128 404 1178 fuerunt
443 1130 749 1194 praesentes,
793 1132 1027 1195 quatuor
1067 1128 1396 1193 absentibus,
1439 1129 1581 1194 licet,
1624 1130 1811 1182 dicunt
1837 1134 1971 1191 acta,
2000 1129 2058 1181 in
2085 1130 2228 1182 dicta

184 1200 404 1253 civitate
462 1201 836 1268 praesentibUS,
891 1206 953 1254 ut
1011 1203 1225 1271 publicc
1283 1203 1571 1256 ferebatur.
1672 1203 2037 1256 Praesentibus
2096 1222 2226 1272 ergo

185 1274 574 1337 Cardinali};›us,
618 1274 1073 1345 ArchiepiscopiS,
1115 1276 1396 1346 Episcopis
1437 1282 1536 1329 etc.
1578 1277 1775 1330 lectum
1815 1282 1896 1330 est
1937 1277 2224 1340 decretum,

184 1349 325 1417 quod
367 1349 565 1401 lectum
605 1351 784 1402 fuerat
823 1351 881 1402 in
921 1351 1156 1403 sessione
1197 1355 1407 1419 quarta,
1449 1369 1568 1403 cum
1608 1351 1815 1404 verbis:
1862 1354 1951 1404 «in
1979 1354 2151 1418 capite
2179 1357 2228 1404 et

184 1426 239 1475 vinv
278 1424 574 1476 membris.»
655 1424 876 1476 Postea:
941 1425 1113 1477 «Item
1163 1425 1415 1488 declarat,
1477 1425 1620 1493 quod
1681 1426 1989 1495 quicunque
2050 1429 2226 1496 cujus-

184 1516 392 1566 cunque
433 1497 777 1561 conditionis,
819 1502 1011 1558 6161116,
1054 1499 1356 1569 dignitatis,
1399 1499 1609 1551 etiamsi
1661 1500 1884 1567 papalis,
1943 1501 2037 1568 qui
2076 1519 2227 1553 man-

184 1573 342 1635 datis,
384 1571 606 1624 statutis
647 1591 736 1624 seu
782 1573 1216 1626 ordinationibus
1256 1577 1350 1625 aut
1389 1573 1669 1641 praeceptis
1721 1574 1882 1643 hujus
1922 1574 2226 1643 666163837-

184 1646 311 1697 nodi
352 1650 405 1698 et
433 1648 794 1715 cujuscunque
821 1648 1044 1700 alterius
1074 1647 1303 1699 Concilii
1328 1648 1596 1716 generalis
1623 1647 1862 1716 legitime
1892 1649 2226 1718 congregati,

184 1739 343 1788 super
383 1720 689 1788 praemissis,
743 1740 835 1772 seu
875 1722 940 1772 ad
981 1740 1040 1772 66
1094 1721 1515 1790 pertinentibus,
1569 1722 1756 1786 factis,
1812 1723 1894 1774 vel
1950 1722 2225 1784 faciendis,

185 1794 402 1846 obedire
462 1795 851 1847 contumaciter
912 1795 1329 1864 contempserit,
1399 1795 1507 1847 nisi
1564 1796 1878 1864 resipuerit,
1947 1797 2227 1867 condignae

186 1867 520 1937 poenitentiae
577 1868 896 1935 subjiciatur
956 1873 1010 1922 et
1049 1870 1226 1922 debite
1264 1870 1543 1938 puniatur,
1602 1870 1764 1922 etiam
1822 1871 1887 1922 ad
1946 1871 2052 1922 alia
2084 1871 2225 1940 juris

185 1943 420 1994 subsidia
463 1940 529 2007 (si
572 1961 706 2010 opus
746 1944 935 2012 fuerit)
977 1944 1300 1997 recurrendo
1344 1985 1354 1996 .
1399 1985 1410 1996 .
1455 1985 1466 1996 .

336 2017 571 2079 «Quibus
629 2017 874 2070 articulis
935 2019 1046 2070 sive
1105 2018 1590 2071 constitutionibus
1648 2019 1802 2071 lectis
1842 2019 2044 2072 dictum
2086 2017 2226 2071 Con-

183 2091 365 2143 cilium
405 2110 494 2143 eos
554 2094 608 2143 et
647 2110 734 2143 666
794 2093 1141 2146 uniformiter
1199 2093 1523 2161 approbavit
1581 2096 1636 2145 et
1695 2093 1976 2146 conclusit.
2057 2092 2226 2161 Super

183 2166 374 2234 quibus
413 2165 678 2217 Henricus
719 2166 780 2217 de
820 2166 947 2219 Piro
987 2171 1270 2235 promotor
1310 2170 1363 2219 et
1403 2171 1726 2235 procurator
1769 2167 1939 2236 ipsius
1981 2167 2224 2230 Concilii,

184 2240 399 2292 1101111116
441 2241 677 2308 ejusdem
719 2240 946 2292 Concilii
987 2241 1148 2309 petiit
1187 2241 1665 2294 instrumentum.»

328 2314 414 2366 Ita
465 2318 547 2367 est
597 2314 654 2365 111
707 2314 843 2367 66116
884 2315 1118 2384 ejusdem
1160 2314 1390 2368 Concilii
1433 2313 1534 2382 (Of.
1589 2314 1766 2367 Mansi
1817 2314 2043 2368 XXVII.
2102 2332 2222 2384 pag.

183 2390 328 2456 59:³3).
408 2388 546 2441 Item
603 2388 894 2442 adfirmant
931 2389 1276 2442 Hermannus
1333 2408 1442 2441 von
1500 2389 1592 2441 der
1631 2389 1808 2441 Hardt
1867 2394 1920 2442 et
1967 2388 2225 2456 Aloysius

181 2463 335 2515 'Posti
373 2461 702 2514 Cassinensis
742 2462 972 2516 historia
1012 2463 1239 2515 Concilii
1261 2463 1543 2515 Constant.
1584 2467 1714 2516 tom.
1744 2463 1786 2514 Ι.
1815 2463 1906 2515 1110.
1937 2467 1986 2515 4.
2017 2482 2067 2531 p.
2100 2467 2223 2515 258.

330 2536 478 2606 Ergo
519 2536 632 2588 haec
672 2536 885 2590 decreta
925 2537 1290 2590 conciliariter
1331 2537 1556 2589 fuerunt
1595 2538 1738 2589 facta
1764 2541 1816 2589 et
1857 2537 2222 2606 promulgata,

182 2615 238 2664 et
275 2612 339 2662 ab
381 2610 629 2662 omnibus
670 2610 921 2663 Patribus
962 2611 1207 2663 unanimi
1249 2629 1513 2663 consensu
1539 2611 1850 2680 adprobata,
1893 2615 1956 2663 ut
1982 2614 2135 2679 patet
2161 2629 2224 2662 ex

180 2679 313 2737 actis
354 2684 588 2754 ejusdem
629 2684 875 2750 Concilii,
937 2690 991 2738 et
1049 2703 1112 2737 ex
1169 2685 1460 2738 historicis,
1557 2685 1821 2737 Emanuel
1861 2683 2222 2738 Scheelstrate

180 2759 341 2812 dicit:
388 2758 734 2812 «Cardinales
774 2759 832 2812 in.
873 2777 1081 2813 camera
1106 2763 1547 2828 paramentorum
1576 2759 1767 2828 palatii
1789 2758 2222 2812 Constantiensis

180 2834 630 2902 protestationem
668 2840 860 2887 secrete
899 2835 1102 2898 fecisse,
1146 2834 1290 2902 quod
1316 2837 1540 2902 propter
1568 2833 1878 2885 scandalum
1913 2833 2220 2884 evitandum

180 2908 245 2960 acl
286 2907 575 2961 sessionem
613 2907 783 2974 ibant,
826 2928 937 2961 non
976 2908 1156 2960 animo
1197 2907 1566 2961 consentiendi
1605 2907 1706 2970 1116,
1749 2925 1864 2975 quae
1903 2906 2221 2957 audiverant

180 2982 239 3033 111
278 2983 396 3050 ipsa
435 2983 604 3035 statui
643 2983 862 3035 debere:
905 2983 1132 3035 maxime
1173 2982 1314 3052 quod
1335 2982 1599 3033 Dominus
1638 2985 1826 3032 noster
1864 2980 2008 3047 Papa
2047 2984 2101 3031 61
2129 2979 2220 3030 6111

182 3056 240 3107 111
281 3057 523 3109 Concilio
564 3056 855 3110 existentes
896 3058 954 3110 111
995 3056 1153 3126 plena.
1193 3057 1481 3109 securitate
1522 3056 1754 3116 fuerant,
1796 3073 2027 3122 quorum
2061 3053 2219 3120 plura

183 3133 390 3183 statuta
428 3149 540 3183 non
579 3135 725 3194 sunt,
766 3132 857 3185 sed
896 3132 963 3184 ad
1004 3130 1295 3183 sessionem
1333 3130 1493 3181 aliam
1534 3131 1855 3180 reservata.»
1910 3127 2012 3179 Hic
2038 3126 2220 3196 agitur

183 3222 294 3255 non
332 3205 393 3256 de
432 3205 828 3274 protestatione
869 3206 1097 3275 publica,
1139 3204 1228 3255 sed
1269 3207 1487 3265 secreta,
1549 3220 1660 3253 non
1698 3201 1757 3252 in
1797 3201 1914 3269 ipsa
1953 3202 2036 3253 vel
2075 3204 2217 3269 post,

183 3278 273 3329 sed
311 3283 438 3331 ante
477 3279 769 3331 sessionem
795 3283 952 3343 facta,
983 3296 1205 3347 quaeque
1225 3277 1484 3329 innititur
1505 3294 1617 3327 non
1638 3275 1954 3328 auctoritati
1980 3279 2215 3338 actuum,

184 3351 275 3403 sed
315 3351 484 3419 ipsius
524 3353 885 3406 Emmanuelis
925 3353 1298 3413 Scheelstrate,
1355 3368 1471 3419 quae
1525 3349 1676 3401 nullo
1716 3349 1873 3401 modo
1914 3349 2216 3418 infringere

186 3429 367 3493 potest
406 3427 690 3478 solemnem
731 3427 1190 3497 adprobationem,
1249 3444 1354 3493 qua
1405 3441 1587 3475 omnes
1641 3423 1829 3475 Patres
1870 3423 2215 3475 uniformiter

184 3499 618 3567 adprobaverunt
657 3504 712 3552 et
738 3503 1117 3554 concluserunt
1140 3500 1367 3560 decreta,
1408 3501 1470 3550 ut
1495 3501 1709 3550 constat
1734 3516 1798 3549 ex
1825 3498 1961 3550 actis
1988 3497 2214 3549 authen-

185 3573 307 3624 ticis
347 3573 516 3640 ipsius
557 3573 800 3640 Concilii,
841 3594 903 3628 ex
939 3572 1332 3634 instrumentiS,
1374 3589 1491 3639 quae
1529 3570 1796 3623 Henricus
1823 3572 1886 3623 de
1913 3571 2057 3633 Piro,
2086 3587 2213 3636 pro-

185 3651 364 3699 motor
422 3651 476 3699 et
525 3652 846 3716 procurator
903 3649 1072 3718 ipsius
1130 3645 1387 3708 Concilii,
1458 3645 1675 3698 nomine
1742 3646 1911 3713 ipsius
1971 3641 2212 3704 Concilii,

186 3720 416 3788 petierat
455 3740 485 3774 a
524 3722 976 3776 reverendissimis
1016 3721 1260 3791 patribus
1299 3718 1529 3772 dominis
1568 3719 1707 3773 sedis
1734 3717 2063 3787 Apostolicae
2082 3734 2212 3784 pro-

1861 3805 1913 3850 6*
