2612 4062
416 285 525 334 260

564 430 635 484 3.⁰
671 429 748 484 Ut
785 429 1313 483 animadversionum
1351 431 1666 484 auctoribus
1705 430 1935 484 facultas
1975 432 2299 486 concedatur
2339 450 2458 502 spe-

413 505 599 558 cialem
638 505 1047 574 deputationem
1085 504 1315 556 adeundi
1353 505 1418 557 ad
1458 505 1827 574 explicandas,
1878 510 1957 570 et,
2013 511 2280 575 quatenus
2321 525 2457 576 opus

412 580 598 643 fuerit,
639 579 998 633 defendendas
1037 579 1530 632 animadversiones
1569 580 1636 632 ab
1675 580 1805 649 ipsis
1847 581 2171 649 propositas.

1390 727 1486 781 IV.

557 829 797 883 Numero
828 832 897 882 8.⁰
937 830 1165 883 dicitur:
1212 835 1508 895 «oratores,
1550 831 1643 900 qui
1683 832 1833 901 loqui
1874 833 2148 886 voluerint
2188 834 2250 886 de
2291 835 2460 902 parti-

411 907 507 958 bus
548 905 830 958 schematis
871 905 929 957 in
967 905 1157 974 specie,
1200 906 1352 975 prius
1392 905 1700 976 significare
1739 907 1929 959 debere
1967 907 2340 965 Praesidibus,
2396 909 2458 959 de

412 999 515 1047 qua
558 979 843 1032 schematis
884 983 1038 1048 parte
1079 980 1183 1032 sibi
1222 981 1489 1051 agendum
1530 998 1642 1033 esse
1682 981 2026 1034 statuerint.»

554 1054 673 1107 Hoc
712 1058 1045 1123 postremum
1086 1055 1227 1106 haud
1267 1055 1638 1124 accipiendum
1677 1060 1930 1124 putamus
1971 1074 2030 1107 eo
2073 1075 2259 1119 8611811,
2313 1057 2455 1126 quod

410 1129 547 1182 idem
601 1133 788 1182 orator
841 1147 954 1181 non
1002 1129 1107 1181 nisi
1158 1129 1223 1181 de
1275 1130 1432 1182 unica
1484 1130 1664 1198 aliqua
1703 1135 1858 1197 parte
1899 1130 2182 1182 schematis
2223 1135 2458 1183 tractare

408 1204 607 1272 possit:
661 1204 893 1256 liberum
945 1221 1058 1256 esse
1110 1203 1266 1257 debet
1318 1204 1541 1257 cuilibet
1591 1222 1653 1256 ex
1695 1205 2037 1268 oratoribus,
2092 1223 2202 1256 11011
2240 1209 2457 1258 tantum

407 1278 470 1330 de
523 1282 641 1331 toto
682 1278 950 1331 schemate
990 1278 1045 1330 in
1087 1296 1308 1348 genere,
1364 1279 1453 1331 sed
1493 1282 1547 1331 et
1588 1279 1650 1330 de
1691 1279 1937 1347 pluribus
1977 1279 2035 1330 in
2076 1279 2251 1347 specie
2291 1279 2456 1331 disse-

406 1371 549 1404 rere:
592 1352 836 1422 alioquin
875 1352 1098 1405 libertas
1138 1353 1485 1406 discussionis
1528 1353 1746 1404 minime
1783 1353 1998 1423 integra
2036 1357 2358 1406 servaretur.

1399 1501 1466 1554 V.

556 1603 709 1657 Circa
751 1623 1034 1656 numerum
1076 1622 1281 1656 nonum
1345 1603 1569 1656 omnino
1611 1604 1869 1672 petimUS,
1914 1603 2079 1673 (quod
2119 1605 2191 1656 ibi
2237 1623 2456 1674 expres-

406 1697 523 1730 sum
563 1697 675 1731 non
715 1683 814 1741 est,
857 1679 945 1730 sed
986 1697 1049 1730 ex
1090 1697 1264 1741 mera,
1308 1682 1369 1731 ut
1409 1683 1692 1747 putanmS,
1735 1678 2028 1746 oblivione)
2070 1684 2132 1730 ut
2171 1684 2456 1749 postquam

407 1753 734 1822 respectivae
799 1753 1171 1822 deputationis
1240 1752 1488 1822 Episcopi
1556 1753 1761 1805 oratori
1825 1753 1987 1804 alicui
2053 1754 2454 1821 responderint,

405 1827 700 1896 replicandi
753 1827 982 1880 facultas
1036 1827 1207 1878 eidem
1259 1827 1492 1890 oratori,
1547 1827 1659 1878 sive
1711 1827 1917 1886 eadem,
1972 1827 2083 1878 sive
2133 1829 2302 1880 altera
2353 1828 2454 1891 die,

405 1921 512 1954 una
570 1902 758 1954 saltem
817 1903 931 1954 vice
991 1902 1348 1963 concedatur;
1409 1920 1561 1953 secus
1622 1901 1763 1953 enim
1823 1902 2046 1954 libertas
2099 1902 2455 1954 discussionis

404 1976 732 2039 violaretur,
795 1981 847 2028 et
906 1995 1061 2045 saepe
1114 1994 1211 2028 nec
1261 1980 1662 2028 momentorum
1715 1976 2006 2029 allatorum
2055 1977 2296 2044 pondus,
2358 1995 2454 2027 1166

403 2050 566 2103 etiam
617 2051 786 2120 ipsius
836 2051 1321 2103 animadversionis
1362 2069 1549 2103 86118118
1591 2050 1924 2103 sufficienter
1964 2070 1995 2101 a
2036 2049 2288 2102 Patribus
2330 2069 2451 2118 per-

401 2125 730 2194 spiceretur.¹

1381 2258 1476 2312 VI.

549 2377 705 2431 Circa
756 2378 1047 2430 articulum
1102 2378 1442 2430 undecimum
1502 2378 1685 2447 plures
1734 2382 1787 2430 et
1826 2377 2172 2448 gravissimas
2210 2376 2450 2430 animad-

400 2452 674 2504 versiones
715 2453 1098 2521 proponendas
1138 2453 1417 2505 habemus:

547 2525 962 2579 Animadversio
1002 2527 1268 2596 generalis
1307 2527 1544 2595 primum
1581 2526 1712 2578 haec
1754 2526 2019 2579 occurrit:
2074 2526 2217 2594 quod
2257 2544 2447 2594 nempe

396 2619 459 2652 ex
524 2601 758 2653 articulo
819 2601 897 2653 sic
950 2605 1172 2653 exarato
1230 2599 1666 2652 manifestissime
1724 2600 1968 2668 sequitur
2027 2599 2337 2652 Praesidum
2395 2604 2449 2652 et

395 2676 725 2743 maJ'oritatis
786 2674 1016 2727 arbitrio
1077 2693 1302 2744 prorsus
1361 2674 1606 2743 permitti
1665 2673 2080 2736 discussionem,
2148 2675 2230 2725 vel
2286 2674 2448 2726 unius

395 2749 544 2802 vocis
582 2749 930 2818 praevalente
968 2750 1236 2818 pondere,
1279 2749 1528 2802 cohibere
1566 2751 1620 2800 et
1661 2747 1929 2811 claudere,
1972 2747 2106 2816 quin
2145 2747 2448 2800 minoritati

397 2824 567 2876 ullum
606 2823 901 2876 remedium
940 2828 1133 2876 contra
1171 2823 1317 2876 hunc
1355 2822 1702 2875 auctoritatis
1742 2826 1797 2874 et
1834 2821 2043 2873 numeri
2087 2840 2238 2873 usum
2278 2821 2445 2873 relin-

395 2902 624 2966 quatur:
668 2898 812 2967 quod
853 2897 1046 2967 quanti
1086 2898 1316 2967 periculi
1357 2898 1446 2962 sit,
1489 2915 1610 2949 cum
1651 2896 1715 2948 de
1747 2896 2089 2966 dogmatibus
2129 2896 2445 2948 definiendis

395 2977 450 3025 et
499 2973 561 3024 de
613 2973 801 3025 divino
843 2972 1241 3041 Episcoporum
1273 2974 1424 3041 jure,
1476 2971 1568 3041 qui
1602 2973 1760 3041 juxta
1800 2969 1851 3022 S.
1894 2969 2154 3022 Thomam
2196 2970 2445 3023 obtinent

398 3064 659 3099 summam
699 3050 1028 3116 potestatem
1066 3047 1124 3099 in
1164 3046 1422 3111 Ecclesia,
1463 3046 1662 3117 agitur,
1703 3047 2042 3113 perspectum
2086 3049 2230 3098 certe
2270 3044 2443 3096 omni-

397 3120 495 3172 bus
545 3125 642 3174 est.
723 3121 802 3174 Eo
859 3121 1029 3192 magis
1069 3121 1213 3190 quod
1253 3120 1399 3174 istud
1435 3125 1548 3174 tam
1589 3136 1752 3190 grave
1785 3118 2077 3186 judicium,
2130 3136 2226 3187 per
2265 3122 2443 3171 actum

396 3195 714 3262 assumendi
754 3199 809 3249 et
847 3196 1080 3261 sedendi,
1120 3199 1301 3248 actum
1340 3213 1531 3264 nempe
1569 3198 1679 3247 tam
1705 3192 2073 3261 praecipitem,
2114 3198 2226 3246 tam
2253 3210 2442 3262 parum

394 3267 781 3334 deliberatum,
840 3270 972 3323 adeo
1014 3287 1168 3338 saepe
1207 3270 1505 3334 incertum,
1546 3269 1652 3320 imo
1693 3270 1747 3319 et
1787 3266 2106 3336 contagioni
2133 3266 2441 3329 obnoxium,

396 3341 677 3395 definitive
716 3347 772 3395 et
810 3343 1245 3397 irrevocabiliter
1283 3343 1506 3407 feretur,
1547 3343 1626 3396 ita
1663 3345 1727 3394 ut
1764 3344 1980 3410 postea,
2021 3340 2175 3393 nulla
2211 3340 2440 3410 amplius

392 3415 579 3468 audita
617 3433 716 3468 nec
753 3418 1014 3484 permissa
1052 3416 1450 3482 reclamatione,
1490 3416 1630 3471 nihil
1669 3415 1815 3467 aliud
1853 3414 2119 3486 agendum
2144 3417 2436 3477 remaneat,

392 3489 500 3543 nisi
544 3489 804 3560 suffragia
854 3492 1132 3563 colligere,
1193 3492 1388 3562 quibus
1433 3492 1649 3545 decreta
1695 3490 1998 3542 condentur
2044 3492 2106 3541 et
2162 3487 2440 3541 definitive

394 3563 722 3617 sancientur.

539 3636 605 3691 Id
656 3637 836 3690 minus
887 3636 1109 3692 haberet
1159 3639 1391 3709 periculi
1439 3639 1499 3692 in
1549 3636 1981 3713 parlamentariis
2021 3634 2264 3690 coetibus
2279 3674 2293 3700 ,
2344 3631 2435 3686 ubi

391 3708 458 3765 de
509 3709 800 3766 condendis
853 3715 1066 3765 tantum
1117 3714 1301 3782 agitur
1354 3713 1592 3784 legibus,
1647 3730 1782 3783 quae
1831 3712 1934 3765 hoc
1978 3727 2122 3764 anno
2180 3707 2432 3771 sancitae,

2590 3692 2612 3732 Ξέ

2537 3734 2612 4062 l
