<?xml version="1.0" encoding="UTF-8"?>
<!DOCTYPE html PUBLIC "-//W3C//DTD XHTML 1.0 Transitional//EN"
    "http://www.w3.org/TR/xhtml1/DTD/xhtml1-transitional.dtd">
<html xmlns="http://www.w3.org/1999/xhtml" xml:lang="en" lang="en">
 <head>
  <title>
</title>
<meta http-equiv="Content-Type" content="text/html;charset=utf-8" />
  <meta name='ocr-system' content='tesseract 3.04.00' />
  <meta name='ocr-capabilities' content='ocr_page ocr_carea ocr_par ocr_line ocrx_word'/>
</head>
<body>
  <div class='ocr_page' id='page_1' title='image "./a582484600frieuoft_0274.png"; bbox 0 0 2612 4062; ppageno 0'>
   <div class='ocr_carea' id='block_1_1' title="bbox 379 266 485 318">
    <p class='ocr_par' dir='ltr' id='par_1_1' title="bbox 379 266 485 318">
     <span class='ocr_line' id='line_1_1' title="bbox 379 266 485 318; baseline -0.009 0"><span class='ocrx_word' id='word_1_1' title='bbox 379 266 485 318; x_wconf 82' lang='lat'>262</span> 
     </span>
    </p>
   </div>
   <div class='ocr_carea' id='block_1_2' title="bbox 1335 426 1488 482">
    <p class='ocr_par' dir='ltr' id='par_1_2' title="bbox 1335 426 1488 482">
     <span class='ocr_line' id='line_1_2' title="bbox 1335 426 1488 482; baseline 0.007 -1"><span class='ocrx_word' id='word_1_2' title='bbox 1335 426 1488 482; x_wconf 90' lang='lat' dir='ltr'>VIII.</span> 
     </span>
    </p>
   </div>
   <div class='ocr_carea' id='block_1_3' title="bbox 383 559 2439 3752">
    <p class='ocr_par' dir='ltr' id='par_1_3' title="bbox 383 559 2428 1077">
     <span class='ocr_line' id='line_1_3' title="bbox 530 559 2424 633; baseline 0.001 -19"><span class='ocrx_word' id='word_1_3' title='bbox 530 562 767 614; x_wconf 87' lang='lat' dir='ltr'>Numero</span> <span class='ocrx_word' id='word_1_4' title='bbox 826 559 1029 612; x_wconf 88' lang='lat' dir='ltr'>decimo</span> <span class='ocrx_word' id='word_1_5' title='bbox 1077 560 1246 613; x_wconf 92' lang='lat' dir='ltr'>tertio</span> <span class='ocrx_word' id='word_1_6' title='bbox 1299 561 1374 614; x_wconf 91' lang='lat' dir='ltr'>sic</span> <span class='ocrx_word' id='word_1_7' title='bbox 1414 561 1702 614; x_wconf 73' lang='lat' dir='ltr'><strong>scribitur:</strong></span> <span class='ocrx_word' id='word_1_8' title='bbox 1759 561 2063 633; x_wconf 81' lang='lat' dir='ltr'>«Suffragia</span> <span class='ocrx_word' id='word_1_9' title='bbox 2107 566 2225 615; x_wconf 90' lang='lat' dir='ltr'>tum</span> <span class='ocrx_word' id='word_1_10' title='bbox 2265 581 2424 632; x_wconf 90' lang='lat' dir='ltr'>super</span> 
     </span>
     <span class='ocr_line' id='line_1_4' title="bbox 383 635 2426 704; baseline -0 -14"><span class='ocrx_word' id='word_1_11' title='bbox 383 635 878 697; x_wconf 82' lang='lat' dir='ltr'>emendationibuS,</span> <span class='ocrx_word' id='word_1_12' title='bbox 939 637 1055 686; x_wconf 90' lang='lat' dir='ltr'>tum</span> <span class='ocrx_word' id='word_1_13' title='bbox 1114 653 1276 703; x_wconf 85' lang='lat' dir='ltr'>super</span> <span class='ocrx_word' id='word_1_14' title='bbox 1334 635 1699 704; x_wconf 74' lang='lat' dir='ltr'>sinyularium</span> <span class='ocrx_word' id='word_1_15' title='bbox 1741 637 1991 702; x_wconf 74' lang='lat' dir='ltr'>partium</span> <span class='ocrx_word' id='word_1_16' title='bbox 2046 639 2200 690; x_wconf 89' lang='lat' dir='ltr'>textu</span> <span class='ocrx_word' id='word_1_17' title='bbox 2260 637 2339 689; x_wconf 89' lang='lat' dir='ltr'>ita</span> <span class='ocrx_word' id='word_1_18' title='bbox 2395 656 2426 689; x_wconf 91' lang='lat' dir='ltr'>a</span> 
     </span>
     <span class='ocr_line' id='line_1_5' title="bbox 387 708 2425 765; baseline -0 -1"><span class='ocrx_word' id='word_1_19' title='bbox 387 712 635 765; x_wconf 85' lang='lat' dir='ltr'>Patribus</span> <span class='ocrx_word' id='word_1_20' title='bbox 696 708 924 762; x_wconf 88' lang='lat' dir='ltr'>Concilii</span> <span class='ocrx_word' id='word_1_21' title='bbox 983 710 1258 762; x_wconf 86' lang='lat' dir='ltr'>ferentur:</span> <span class='ocrx_word' id='word_1_22' title='bbox 1319 717 1382 764; x_wconf 88' lang='lat' dir='ltr'>ut</span> <span class='ocrx_word' id='word_1_23' title='bbox 1437 708 1717 763; x_wconf 84' lang='lat' dir='ltr'>Praesides</span> <span class='ocrx_word' id='word_1_24' title='bbox 1776 711 2050 764; x_wconf 88' lang='lat' dir='ltr'>distinctis</span> <span class='ocrx_word' id='word_1_25' title='bbox 2102 710 2309 763; x_wconf 85' lang='lat' dir='ltr'>vicibus</span> <span class='ocrx_word' id='word_1_26' title='bbox 2359 711 2425 763; x_wconf 88' lang='lat' dir='ltr'>ad</span> 
     </span>
     <span class='ocr_line' id='line_1_6' title="bbox 383 783 2427 855; baseline -0 -17"><span class='ocrx_word' id='word_1_27' title='bbox 383 785 708 855; x_wconf 87' lang='lat' dir='ltr'>surgendum</span> <span class='ocrx_word' id='word_1_28' title='bbox 768 783 1009 836; x_wconf 74' lang='lat' dir='ltr'>invitent</span> <span class='ocrx_word' id='word_1_29' title='bbox 1068 783 1304 852; x_wconf 90' lang='lat' dir='ltr'>primum</span> <span class='ocrx_word' id='word_1_30' title='bbox 1361 803 1480 848; x_wconf 82' lang='lat' dir='ltr'>eOS,</span> <span class='ocrx_word' id='word_1_31' title='bbox 1541 783 1634 853; x_wconf 89' lang='lat' dir='ltr'>qui</span> <span class='ocrx_word' id='word_1_32' title='bbox 1693 785 2058 839; x_wconf 87' lang='lat' dir='ltr'>emendationi</span> <span class='ocrx_word' id='word_1_33' title='bbox 2114 785 2199 837; x_wconf 84' lang='lat' dir='ltr'>vel</span> <span class='ocrx_word' id='word_1_34' title='bbox 2251 785 2427 838; x_wconf 87' lang='lat' dir='ltr'>textui</span> 
     </span>
     <span class='ocr_line' id='line_1_7' title="bbox 383 857 2428 927; baseline -0.001 -14"><span class='ocrx_word' id='word_1_35' title='bbox 383 859 785 921; x_wconf 80' lang='lat' dir='ltr'>assentiuntur,</span> <span class='ocrx_word' id='word_1_36' title='bbox 826 857 1015 909; x_wconf 89' lang='lat' dir='ltr'>deinde</span> <span class='ocrx_word' id='word_1_37' title='bbox 1054 876 1161 921; x_wconf 83' lang='lat' dir='ltr'>eOS,</span> <span class='ocrx_word' id='word_1_38' title='bbox 1203 859 1297 927; x_wconf 91' lang='lat' dir='ltr'>qui</span> <span class='ocrx_word' id='word_1_39' title='bbox 1336 858 1734 922; x_wconf 77' lang='lat' dir='ltr'>contradicunt,</span> <span class='ocrx_word' id='word_1_40' title='bbox 1775 859 2056 913; x_wconf 88' lang='lat' dir='ltr'>recensitis</span> <span class='ocrx_word' id='word_1_41' title='bbox 2095 861 2276 911; x_wconf 91' lang='lat' dir='ltr'>autem</span> <span class='ocrx_word' id='word_1_42' title='bbox 2315 859 2428 911; x_wconf 87' lang='lat' dir='ltr'>suf·</span> 
     </span>
     <span class='ocr_line' id='line_1_8' title="bbox 384 932 2423 1004; baseline -0.002 -18"><span class='ocrx_word' id='word_1_43' title='bbox 384 934 590 1004; x_wconf 76' lang='lat' dir='ltr'>fragiiS,</span> <span class='ocrx_word' id='word_1_44' title='bbox 631 934 690 985; x_wconf 80' lang='lat' dir='ltr'>id</span> <span class='ocrx_word' id='word_1_45' title='bbox 730 933 1048 995; x_wconf 74' lang='lat' dir='ltr'>decernetur,</span> <span class='ocrx_word' id='word_1_46' title='bbox 1093 933 1237 1001; x_wconf 90' lang='lat' dir='ltr'>quod</span> <span class='ocrx_word' id='word_1_47' title='bbox 1275 935 1471 1000; x_wconf 79' lang='lat' dir='ltr'>majori</span> <span class='ocrx_word' id='word_1_48' title='bbox 1497 932 1722 985; x_wconf 89' lang='lat' dir='ltr'>Patrum</span> <span class='ocrx_word' id='word_1_49' title='bbox 1760 952 1985 987; x_wconf 90' lang='lat' dir='ltr'>numero</span> <span class='ocrx_word' id='word_1_50' title='bbox 2013 933 2333 1002; x_wconf 72' lang='lat' dir='ltr'>placuerit.»</span> <span class='ocrx_word' id='word_1_51' title='bbox 2361 963 2423 970; x_wconf 83' lang='lat'>—-</span> 
     </span>
     <span class='ocr_line' id='line_1_9' title="bbox 384 1006 2371 1077; baseline 0.001 -17"><span class='ocrx_word' id='word_1_52' title='bbox 384 1009 487 1060; x_wconf 92' lang='lat' dir='ltr'>Hic</span> <span class='ocrx_word' id='word_1_53' title='bbox 526 1009 710 1077; x_wconf 91' lang='lat' dir='ltr'>plures</span> <span class='ocrx_word' id='word_1_54' title='bbox 750 1006 943 1059; x_wconf 91' lang='lat' dir='ltr'>summi</span> <span class='ocrx_word' id='word_1_55' title='bbox 982 1007 1242 1060; x_wconf 85' lang='lat' dir='ltr'>momenti</span> <span class='ocrx_word' id='word_1_56' title='bbox 1281 1007 1770 1060; x_wconf 89' lang='lat' dir='ltr'>animadversiones</span> <span class='ocrx_word' id='word_1_57' title='bbox 1808 1008 2190 1077; x_wconf 87' lang='lat' dir='ltr'>proponendae</span> <span class='ocrx_word' id='word_1_58' title='bbox 2228 1011 2371 1062; x_wconf 88' lang='lat' dir='ltr'>sunt.</span> 
     </span>
    </p>

    <p class='ocr_par' dir='ltr' id='par_1_4' title="bbox 386 1081 2432 1448">
     <span class='ocr_line' id='line_1_10' title="bbox 534 1081 2431 1153; baseline 0.001 -20"><span class='ocrx_word' id='word_1_59' title='bbox 534 1081 729 1135; x_wconf 79' lang='lat' dir='ltr'>Prima</span> <span class='ocrx_word' id='word_1_60' title='bbox 781 1081 924 1153; x_wconf 88' lang='lat' dir='ltr'>quod</span> <span class='ocrx_word' id='word_1_61' title='bbox 979 1081 1197 1133; x_wconf 90' lang='lat' dir='ltr'>modum</span> <span class='ocrx_word' id='word_1_62' title='bbox 1244 1082 1451 1134; x_wconf 86' lang='lat' dir='ltr'>ferendi</span> <span class='ocrx_word' id='word_1_63' title='bbox 1491 1081 1775 1151; x_wconf 87' lang='lat' dir='ltr'>suffragia,</span> <span class='ocrx_word' id='word_1_64' title='bbox 1826 1101 1922 1151; x_wconf 90' lang='lat' dir='ltr'>per</span> <span class='ocrx_word' id='word_1_65' title='bbox 1962 1087 2138 1135; x_wconf 77' lang='lat' dir='ltr'>aetum</span> <span class='ocrx_word' id='word_1_66' title='bbox 2177 1082 2431 1152; x_wconf 87' lang='lat' dir='ltr'>surgendi</span> 
     </span>
     <span class='ocr_line' id='line_1_11' title="bbox 386 1155 2430 1226; baseline 0 -18"><span class='ocrx_word' id='word_1_67' title='bbox 386 1158 467 1209; x_wconf 89' lang='lat' dir='ltr'>vel</span> <span class='ocrx_word' id='word_1_68' title='bbox 510 1155 730 1209; x_wconf 89' lang='lat' dir='ltr'>sedendi</span> <span class='ocrx_word' id='word_1_69' title='bbox 768 1156 927 1208; x_wconf 90' lang='lat' dir='ltr'>istius</span> <span class='ocrx_word' id='word_1_70' title='bbox 966 1155 1112 1207; x_wconf 87' lang='lat' dir='ltr'>modi</span> <span class='ocrx_word' id='word_1_71' title='bbox 1151 1156 1391 1224; x_wconf 89' lang='lat' dir='ltr'>pericula</span> <span class='ocrx_word' id='word_1_72' title='bbox 1424 1158 1534 1225; x_wconf 86' lang='lat' dir='ltr'>jam</span> <span class='ocrx_word' id='word_1_73' title='bbox 1575 1155 1822 1224; x_wconf 90' lang='lat' dir='ltr'>superius</span> <span class='ocrx_word' id='word_1_74' title='bbox 1863 1156 2123 1220; x_wconf 83' lang='lat' dir='ltr'>diximus,</span> <span class='ocrx_word' id='word_1_75' title='bbox 2175 1156 2266 1208; x_wconf 91' lang='lat' dir='ltr'>ubi</span> <span class='ocrx_word' id='word_1_76' title='bbox 2305 1174 2430 1226; x_wconf 90' lang='lat' dir='ltr'>age-</span> 
     </span>
     <span class='ocr_line' id='line_1_12' title="bbox 388 1229 2432 1301; baseline -0 -18"><span class='ocrx_word' id='word_1_77' title='bbox 388 1233 545 1283; x_wconf 88' lang='lat' dir='ltr'>batur</span> <span class='ocrx_word' id='word_1_78' title='bbox 598 1231 660 1282; x_wconf 93' lang='lat' dir='ltr'>de</span> <span class='ocrx_word' id='word_1_79' title='bbox 708 1229 1052 1298; x_wconf 84' lang='lat' dir='ltr'>exquirendis</span> <span class='ocrx_word' id='word_1_80' title='bbox 1093 1230 1368 1301; x_wconf 83' lang='lat' dir='ltr'>suffragiis</span> <span class='ocrx_word' id='word_1_81' title='bbox 1409 1230 1549 1283; x_wconf 91' lang='lat' dir='ltr'>circa</span> <span class='ocrx_word' id='word_1_82' title='bbox 1587 1230 1751 1282; x_wconf 88' lang='lat' dir='ltr'>finem</span> <span class='ocrx_word' id='word_1_83' title='bbox 1789 1230 2112 1283; x_wconf 92' lang='lat' dir='ltr'>discussioni</span> <span class='ocrx_word' id='word_1_84' title='bbox 2150 1230 2432 1299; x_wconf 92' lang='lat' dir='ltr'>imponen-</span> 
     </span>
     <span class='ocr_line' id='line_1_13' title="bbox 386 1304 2432 1374; baseline 0 -17"><span class='ocrx_word' id='word_1_85' title='bbox 386 1306 527 1359; x_wconf 90' lang='lat' dir='ltr'>dum.</span> <span class='ocrx_word' id='word_1_86' title='bbox 607 1304 783 1357; x_wconf 89' lang='lat' dir='ltr'>Multo</span> <span class='ocrx_word' id='word_1_87' title='bbox 824 1308 1005 1357; x_wconf 86' lang='lat' dir='ltr'>autem</span> <span class='ocrx_word' id='word_1_88' title='bbox 1045 1307 1250 1373; x_wconf 88' lang='lat' dir='ltr'>majora</span> <span class='ocrx_word' id='word_1_89' title='bbox 1287 1310 1416 1358; x_wconf 90' lang='lat' dir='ltr'>sunt</span> <span class='ocrx_word' id='word_1_90' title='bbox 1455 1306 1616 1374; x_wconf 88' lang='lat' dir='ltr'>hujus</span> <span class='ocrx_word' id='word_1_91' title='bbox 1645 1305 1788 1357; x_wconf 91' lang='lat' dir='ltr'>modi</span> <span class='ocrx_word' id='word_1_92' title='bbox 1817 1305 2071 1374; x_wconf 88' lang='lat' dir='ltr'>pericula,</span> <span class='ocrx_word' id='word_1_93' title='bbox 2112 1304 2158 1357; x_wconf 91' lang='lat' dir='ltr'>si</span> <span class='ocrx_word' id='word_1_94' title='bbox 2197 1305 2260 1357; x_wconf 88' lang='lat' dir='ltr'>de</span> <span class='ocrx_word' id='word_1_95' title='bbox 2297 1304 2432 1374; x_wconf 89' lang='lat' dir='ltr'>ipsis</span> 
     </span>
     <span class='ocr_line' id='line_1_14' title="bbox 390 1378 1776 1448; baseline 0 -16"><span class='ocrx_word' id='word_1_96' title='bbox 390 1380 618 1432; x_wconf 79' lang='lat' dir='ltr'>decretis</span> <span class='ocrx_word' id='word_1_97' title='bbox 660 1378 903 1448; x_wconf 77' lang='lat' dir='ltr'>quaestio</span> <span class='ocrx_word' id='word_1_98' title='bbox 945 1379 1033 1441; x_wconf 83' lang='lat' dir='ltr'>sit,</span> <span class='ocrx_word' id='word_1_99' title='bbox 1075 1379 1303 1432; x_wconf 86' lang='lat' dir='ltr'>maxime</span> <span class='ocrx_word' id='word_1_100' title='bbox 1342 1380 1399 1431; x_wconf 90' lang='lat' dir='ltr'>in</span> <span class='ocrx_word' id='word_1_101' title='bbox 1439 1379 1598 1432; x_wconf 89' lang='lat' dir='ltr'>rebus</span> <span class='ocrx_word' id='word_1_102' title='bbox 1638 1379 1776 1432; x_wconf 89' lang='lat' dir='ltr'>fidei.</span> 
     </span>
    </p>

    <p class='ocr_par' dir='ltr' id='par_1_5' title="bbox 388 1453 2434 1894">
     <span class='ocr_line' id='line_1_15' title="bbox 534 1453 2433 1524; baseline 0 -18"><span class='ocrx_word' id='word_1_103' title='bbox 534 1453 660 1506; x_wconf 87' lang='lat' dir='ltr'>Non</span> <span class='ocrx_word' id='word_1_104' title='bbox 713 1454 976 1506; x_wconf 89' lang='lat' dir='ltr'>credimus</span> <span class='ocrx_word' id='word_1_105' title='bbox 1015 1453 1072 1505; x_wconf 91' lang='lat' dir='ltr'>in</span> <span class='ocrx_word' id='word_1_106' title='bbox 1115 1454 1558 1523; x_wconf 82' lang='lat' dir='ltr'>praecedentibus</span> <span class='ocrx_word' id='word_1_107' title='bbox 1599 1453 1856 1507; x_wconf 87' lang='lat' dir='ltr'>Conciliis</span> <span class='ocrx_word' id='word_1_108' title='bbox 1897 1453 2155 1524; x_wconf 87' lang='lat' dir='ltr'>suffragia</span> <span class='ocrx_word' id='word_1_109' title='bbox 2195 1473 2433 1523; x_wconf 89' lang='lat' dir='ltr'>unquam</span> 
     </span>
     <span class='ocr_line' id='line_1_16' title="bbox 388 1528 2434 1598; baseline -0.001 -16"><span class='ocrx_word' id='word_1_110' title='bbox 388 1549 450 1582; x_wconf 88' lang='lat' dir='ltr'>eo</span> <span class='ocrx_word' id='word_1_111' title='bbox 501 1529 749 1598; x_wconf 84' lang='lat' dir='ltr'>expedito</span> <span class='ocrx_word' id='word_1_112' title='bbox 802 1528 960 1580; x_wconf 91' lang='lat' dir='ltr'>modo</span> <span class='ocrx_word' id='word_1_113' title='bbox 1015 1528 1139 1581; x_wconf 88' lang='lat' dir='ltr'>data</span> <span class='ocrx_word' id='word_1_114' title='bbox 1191 1529 1380 1591; x_wconf 87' lang='lat' dir='ltr'>fuisse,</span> <span class='ocrx_word' id='word_1_115' title='bbox 1434 1547 1540 1598; x_wconf 91' lang='lat' dir='ltr'>quo</span> <span class='ocrx_word' id='word_1_116' title='bbox 1588 1529 1772 1580; x_wconf 91' lang='lat' dir='ltr'>nullus</span> <span class='ocrx_word' id='word_1_117' title='bbox 1814 1531 1957 1580; x_wconf 88' lang='lat' dir='ltr'>certe</span> <span class='ocrx_word' id='word_1_118' title='bbox 1995 1528 2134 1580; x_wconf 92' lang='lat' dir='ltr'>alius</span> <span class='ocrx_word' id='word_1_119' title='bbox 2172 1528 2434 1598; x_wconf 89' lang='lat' dir='ltr'>gravitati</span> 
     </span>
     <span class='ocr_line' id='line_1_17' title="bbox 388 1602 2431 1671; baseline -0.001 -14"><span class='ocrx_word' id='word_1_120' title='bbox 388 1610 443 1657; x_wconf 91' lang='lat' dir='ltr'>et</span> <span class='ocrx_word' id='word_1_121' title='bbox 493 1603 802 1656; x_wconf 83' lang='lat' dir='ltr'>maturitati</span> <span class='ocrx_word' id='word_1_122' title='bbox 858 1602 1288 1666; x_wconf 80' lang='lat' dir='ltr'>deliberationiS,</span> <span class='ocrx_word' id='word_1_123' title='bbox 1339 1604 1448 1655; x_wconf 91' lang='lat' dir='ltr'>imo</span> <span class='ocrx_word' id='word_1_124' title='bbox 1497 1609 1551 1656; x_wconf 89' lang='lat' dir='ltr'>et</span> <span class='ocrx_word' id='word_1_125' title='bbox 1600 1603 1704 1671; x_wconf 90' lang='lat' dir='ltr'>ipsi</span> <span class='ocrx_word' id='word_1_126' title='bbox 1744 1602 1988 1655; x_wconf 87' lang='lat' dir='ltr'>libertati</span> <span class='ocrx_word' id='word_1_127' title='bbox 2038 1602 2217 1655; x_wconf 91' lang='lat' dir='ltr'>minus</span> <span class='ocrx_word' id='word_1_128' title='bbox 2271 1603 2431 1656; x_wconf 86' lang='lat' dir='ltr'>favet.</span> 
     </span>
     <span class='ocr_line' id='line_1_18' title="bbox 391 1677 2434 1746; baseline -0.001 -15"><span class='ocrx_word' id='word_1_129' title='bbox 391 1679 462 1731; x_wconf 86' lang='lat' dir='ltr'>Et</span> <span class='ocrx_word' id='word_1_130' title='bbox 508 1679 564 1729; x_wconf 90' lang='lat' dir='ltr'>in</span> <span class='ocrx_word' id='word_1_131' title='bbox 614 1677 746 1746; x_wconf 84' lang='lat' dir='ltr'>ipsis</span> <span class='ocrx_word' id='word_1_132' title='bbox 800 1677 1039 1729; x_wconf 90' lang='lat' dir='ltr'>coetibus</span> <span class='ocrx_word' id='word_1_133' title='bbox 1091 1677 1330 1745; x_wconf 90' lang='lat' dir='ltr'>politicis</span> <span class='ocrx_word' id='word_1_134' title='bbox 1381 1677 1527 1730; x_wconf 89' lang='lat' dir='ltr'>hisce</span> <span class='ocrx_word' id='word_1_135' title='bbox 1578 1677 1895 1746; x_wconf 85' lang='lat' dir='ltr'>providetur</span> <span class='ocrx_word' id='word_1_136' title='bbox 1947 1677 2299 1730; x_wconf 86' lang='lat' dir='ltr'>incommodis</span> <span class='ocrx_word' id='word_1_137' title='bbox 2339 1695 2434 1745; x_wconf 90' lang='lat' dir='ltr'>per</span> 
     </span>
     <span class='ocr_line' id='line_1_19' title="bbox 389 1751 2434 1822; baseline -0 -17"><span class='ocrx_word' id='word_1_138' title='bbox 389 1753 815 1822; x_wconf 85' lang='lat' dir='ltr'>postulationem</span> <span class='ocrx_word' id='word_1_139' title='bbox 873 1753 1122 1804; x_wconf 71' lang='lat' dir='ltr'>scrutinii</span> <span class='ocrx_word' id='word_1_140' title='bbox 1179 1755 1273 1804; x_wconf 91' lang='lat' dir='ltr'>aut</span> <span class='ocrx_word' id='word_1_141' title='bbox 1330 1752 1618 1804; x_wconf 88' lang='lat' dir='ltr'>nominalis</span> <span class='ocrx_word' id='word_1_142' title='bbox 1676 1752 2051 1818; x_wconf 74' lang='lat' dir='ltr'>appellationis</span> <span class='ocrx_word' id='word_1_143' title='bbox 2099 1771 2130 1803; x_wconf 91' lang='lat' dir='ltr'>a</span> <span class='ocrx_word' id='word_1_144' title='bbox 2187 1751 2434 1821; x_wconf 90' lang='lat' dir='ltr'>pluribus</span> 
     </span>
     <span class='ocr_line' id='line_1_20' title="bbox 391 1827 1587 1894; baseline -0.002 -14"><span class='ocrx_word' id='word_1_145' title='bbox 391 1827 642 1880; x_wconf 88' lang='lat' dir='ltr'>membris</span> <span class='ocrx_word' id='word_1_146' title='bbox 683 1827 921 1878; x_wconf 89' lang='lat' dir='ltr'>oblatam</span> <span class='ocrx_word' id='word_1_147' title='bbox 959 1831 1014 1879; x_wconf 89' lang='lat' dir='ltr'>et</span> <span class='ocrx_word' id='word_1_148' title='bbox 1053 1827 1257 1894; x_wconf 88' lang='lat' dir='ltr'>scripto</span> <span class='ocrx_word' id='word_1_149' title='bbox 1297 1831 1587 1879; x_wconf 88' lang='lat' dir='ltr'>exaratam.</span> 
     </span>
    </p>

    <p class='ocr_par' dir='ltr' id='par_1_6' title="bbox 388 1900 2439 2270">
     <span class='ocr_line' id='line_1_21' title="bbox 539 1900 2434 1968; baseline -0.001 -15"><span class='ocrx_word' id='word_1_150' title='bbox 539 1902 691 1963; x_wconf 80' lang='lat' dir='ltr'>Quod</span> <span class='ocrx_word' id='word_1_151' title='bbox 738 1901 794 1952; x_wconf 92' lang='lat' dir='ltr'>in</span> <span class='ocrx_word' id='word_1_152' title='bbox 835 1900 1091 1953; x_wconf 81' lang='lat' dir='ltr'>Conciliis</span> <span class='ocrx_word' id='word_1_153' title='bbox 1131 1901 1359 1952; x_wconf 83' lang='lat' dir='ltr'>maxime</span> <span class='ocrx_word' id='word_1_154' title='bbox 1398 1901 1567 1954; x_wconf 90' lang='lat' dir='ltr'>refert</span> <span class='ocrx_word' id='word_1_155' title='bbox 1607 1920 1717 1953; x_wconf 94' lang='lat' dir='ltr'>non</span> <span class='ocrx_word' id='word_1_156' title='bbox 1759 1903 1857 1964; x_wconf 90' lang='lat' dir='ltr'>est,</span> <span class='ocrx_word' id='word_1_157' title='bbox 1899 1903 1961 1953; x_wconf 91' lang='lat' dir='ltr'>ut</span> <span class='ocrx_word' id='word_1_158' title='bbox 2002 1900 2109 1953; x_wconf 91' lang='lat' dir='ltr'>cito</span> <span class='ocrx_word' id='word_1_159' title='bbox 2151 1918 2235 1952; x_wconf 84' lang='lat' dir='ltr'>res</span> <span class='ocrx_word' id='word_1_160' title='bbox 2274 1919 2434 1968; x_wconf 90' lang='lat' dir='ltr'>expe-</span> 
     </span>
     <span class='ocr_line' id='line_1_22' title="bbox 394 1973 2439 2045; baseline -0 -17"><span class='ocrx_word' id='word_1_161' title='bbox 394 1977 604 2039; x_wconf 87' lang='lat' dir='ltr'>diatur,</span> <span class='ocrx_word' id='word_1_162' title='bbox 658 1976 749 2028; x_wconf 91' lang='lat' dir='ltr'>sed</span> <span class='ocrx_word' id='word_1_163' title='bbox 804 1979 864 2027; x_wconf 89' lang='lat' dir='ltr'>ut</span> <span class='ocrx_word' id='word_1_164' title='bbox 916 1979 1069 2028; x_wconf 88' lang='lat' dir='ltr'>caute</span> <span class='ocrx_word' id='word_1_165' title='bbox 1122 1979 1177 2027; x_wconf 91' lang='lat' dir='ltr'>et</span> <span class='ocrx_word' id='word_1_166' title='bbox 1225 1975 1497 2028; x_wconf 87' lang='lat' dir='ltr'>tutissime</span> <span class='ocrx_word' id='word_1_167' title='bbox 1535 1979 1843 2045; x_wconf 85' lang='lat' dir='ltr'>peragatur.</span> <span class='ocrx_word' id='word_1_168' title='bbox 1921 1973 2108 2045; x_wconf 92' lang='lat' dir='ltr'>Longe</span> <span class='ocrx_word' id='word_1_169' title='bbox 2147 1974 2315 2027; x_wconf 89' lang='lat' dir='ltr'>satius</span> <span class='ocrx_word' id='word_1_170' title='bbox 2356 1980 2439 2027; x_wconf 88' lang='lat' dir='ltr'>est</span> 
     </span>
     <span class='ocr_line' id='line_1_23' title="bbox 388 2049 2435 2120; baseline -0 -19"><span class='ocrx_word' id='word_1_171' title='bbox 388 2069 584 2120; x_wconf 87' lang='lat' dir='ltr'>paucas</span> <span class='ocrx_word' id='word_1_172' title='bbox 626 2050 969 2119; x_wconf 84' lang='lat' dir='ltr'>quaestiones</span> <span class='ocrx_word' id='word_1_173' title='bbox 1010 2050 1310 2118; x_wconf 88' lang='lat' dir='ltr'>expendere</span> <span class='ocrx_word' id='word_1_174' title='bbox 1349 2053 1403 2102; x_wconf 92' lang='lat' dir='ltr'>et</span> <span class='ocrx_word' id='word_1_175' title='bbox 1443 2050 1739 2118; x_wconf 84' lang='lat' dir='ltr'>prudenter</span> <span class='ocrx_word' id='word_1_176' title='bbox 1779 2049 2014 2112; x_wconf 89' lang='lat' dir='ltr'>solvere,</span> <span class='ocrx_word' id='word_1_177' title='bbox 2064 2067 2222 2118; x_wconf 89' lang='lat' dir='ltr'>quam</span> <span class='ocrx_word' id='word_1_178' title='bbox 2263 2049 2435 2101; x_wconf 89' lang='lat' dir='ltr'>multo</span> 
     </span>
     <span class='ocr_line' id='line_1_24' title="bbox 390 2123 2437 2194; baseline -0.001 -17"><span class='ocrx_word' id='word_1_179' title='bbox 390 2126 782 2177; x_wconf 84' lang='lat' dir='ltr'>numerosiores</span> <span class='ocrx_word' id='word_1_180' title='bbox 812 2142 1133 2192; x_wconf 86' lang='lat' dir='ltr'>proponere,</span> <span class='ocrx_word' id='word_1_181' title='bbox 1175 2128 1228 2176; x_wconf 90' lang='lat' dir='ltr'>et</span> <span class='ocrx_word' id='word_1_182' title='bbox 1267 2124 1560 2177; x_wconf 90' lang='lat' dir='ltr'>decurtatis</span> <span class='ocrx_word' id='word_1_183' title='bbox 1594 2123 2029 2187; x_wconf 89' lang='lat' dir='ltr'>discussionibus,</span> <span class='ocrx_word' id='word_1_184' title='bbox 2058 2123 2437 2194; x_wconf 86' lang='lat' dir='ltr'>suffragiisque</span> 
     </span>
     <span class='ocr_line' id='line_1_25' title="bbox 390 2197 1900 2270; baseline -0.001 -19"><span class='ocrx_word' id='word_1_185' title='bbox 390 2200 814 2270; x_wconf 86' lang='lat' dir='ltr'>praecipitanter</span> <span class='ocrx_word' id='word_1_186' title='bbox 856 2198 1115 2262; x_wconf 84' lang='lat' dir='ltr'>collectiS,</span> <span class='ocrx_word' id='word_1_187' title='bbox 1157 2217 1242 2251; x_wconf 90' lang='lat' dir='ltr'>res</span> <span class='ocrx_word' id='word_1_188' title='bbox 1282 2203 1395 2251; x_wconf 90' lang='lat' dir='ltr'>tam</span> <span class='ocrx_word' id='word_1_189' title='bbox 1435 2217 1625 2268; x_wconf 90' lang='lat' dir='ltr'>graves</span> <span class='ocrx_word' id='word_1_190' title='bbox 1667 2197 1900 2251; x_wconf 91' lang='lat' dir='ltr'>definiri.</span> 
     </span>
    </p>

    <p class='ocr_par' dir='ltr' id='par_1_7' title="bbox 391 2272 2438 2791">
     <span class='ocr_line' id='line_1_26' title="bbox 539 2272 2438 2343; baseline -0.001 -17"><span class='ocrx_word' id='word_1_191' title='bbox 539 2273 783 2327; x_wconf 73' lang='lat' dir='ltr'>Secunda</span> <span class='ocrx_word' id='word_1_192' title='bbox 833 2273 1227 2326; x_wconf 88' lang='lat' dir='ltr'>animadversio</span> <span class='ocrx_word' id='word_1_193' title='bbox 1279 2278 1527 2326; x_wconf 86' lang='lat' dir='ltr'>versatur</span> <span class='ocrx_word' id='word_1_194' title='bbox 1579 2273 1720 2326; x_wconf 87' lang='lat' dir='ltr'>circa</span> <span class='ocrx_word' id='word_1_195' title='bbox 1770 2272 2014 2325; x_wconf 90' lang='lat' dir='ltr'>ordinem</span> <span class='ocrx_word' id='word_1_196' title='bbox 2052 2272 2309 2343; x_wconf 89' lang='lat' dir='ltr'>suffragia</span> <span class='ocrx_word' id='word_1_197' title='bbox 2347 2291 2438 2324; x_wconf 91' lang='lat' dir='ltr'>ex-</span> 
     </span>
     <span class='ocr_line' id='line_1_27' title="bbox 391 2347 2437 2418; baseline -0.001 -17"><span class='ocrx_word' id='word_1_198' title='bbox 391 2349 670 2418; x_wconf 89' lang='lat' dir='ltr'>quirendi,</span> <span class='ocrx_word' id='word_1_199' title='bbox 730 2348 813 2401; x_wconf 82' lang='lat' dir='ltr'>ita</span> <span class='ocrx_word' id='word_1_200' title='bbox 864 2366 1054 2417; x_wconf 89' lang='lat' dir='ltr'>nempe</span> <span class='ocrx_word' id='word_1_201' title='bbox 1101 2347 1453 2416; x_wconf 90' lang='lat' dir='ltr'>dispositum,</span> <span class='ocrx_word' id='word_1_202' title='bbox 1516 2351 1577 2400; x_wconf 90' lang='lat' dir='ltr'>ut</span> <span class='ocrx_word' id='word_1_203' title='bbox 1619 2349 1782 2413; x_wconf 75' lang='lat' dir='ltr'>prius</span> <span class='ocrx_word' id='word_1_204' title='bbox 1831 2351 2192 2416; x_wconf 90' lang='lat' dir='ltr'>exposcantur</span> <span class='ocrx_word' id='word_1_205' title='bbox 2251 2365 2437 2400; x_wconf 91' lang='lat' dir='ltr'>eorum</span> 
     </span>
     <span class='ocr_line' id='line_1_28' title="bbox 393 2421 2436 2492; baseline -0.001 -17"><span class='ocrx_word' id='word_1_206' title='bbox 393 2427 543 2487; x_wconf 88' lang='lat' dir='ltr'>vota,</span> <span class='ocrx_word' id='word_1_207' title='bbox 605 2423 696 2492; x_wconf 89' lang='lat' dir='ltr'>qui</span> <span class='ocrx_word' id='word_1_208' title='bbox 743 2423 956 2475; x_wconf 90' lang='lat' dir='ltr'>decreto</span> <span class='ocrx_word' id='word_1_209' title='bbox 1017 2421 1301 2491; x_wconf 89' lang='lat' dir='ltr'>proposito</span> <span class='ocrx_word' id='word_1_210' title='bbox 1359 2422 1693 2486; x_wconf 82' lang='lat' dir='ltr'>assentiunt,</span> <span class='ocrx_word' id='word_1_211' title='bbox 1747 2423 2018 2488; x_wconf 75' lang='lat' dir='ltr'>posterius</span> <span class='ocrx_word' id='word_1_212' title='bbox 2070 2439 2284 2484; x_wconf 90' lang='lat' dir='ltr'>eorum,</span> <span class='ocrx_word' id='word_1_213' title='bbox 2343 2421 2436 2490; x_wconf 88' lang='lat' dir='ltr'>qui</span> 
     </span>
     <span class='ocr_line' id='line_1_29' title="bbox 392 2495 2438 2565; baseline -0.001 -16"><span class='ocrx_word' id='word_1_214' title='bbox 392 2499 727 2550; x_wconf 71' lang='lat' dir='ltr'>dissentiunt.</span> <span class='ocrx_word' id='word_1_215' title='bbox 821 2497 953 2549; x_wconf 83' lang='lat' dir='ltr'>Cum</span> <span class='ocrx_word' id='word_1_216' title='bbox 1017 2497 1074 2548; x_wconf 92' lang='lat' dir='ltr'>in</span> <span class='ocrx_word' id='word_1_217' title='bbox 1133 2496 1540 2565; x_wconf 88' lang='lat' dir='ltr'>quaestionibus</span> <span class='ocrx_word' id='word_1_218' title='bbox 1598 2496 1722 2548; x_wconf 89' lang='lat' dir='ltr'>fidei</span> <span class='ocrx_word' id='word_1_219' title='bbox 1779 2496 1955 2549; x_wconf 91' lang='lat' dir='ltr'>tutius</span> <span class='ocrx_word' id='word_1_220' title='bbox 2011 2495 2084 2548; x_wconf 88' lang='lat' dir='ltr'>sit</span> <span class='ocrx_word' id='word_1_221' title='bbox 2141 2495 2330 2548; x_wconf 90' lang='lat' dir='ltr'>sistere</span> <span class='ocrx_word' id='word_1_222' title='bbox 2385 2499 2438 2548; x_wconf 88' lang='lat' dir='ltr'>et</span> 
     </span>
     <span class='ocr_line' id='line_1_30' title="bbox 391 2569 2438 2640; baseline -0.001 -16"><span class='ocrx_word' id='word_1_223' title='bbox 391 2571 763 2624; x_wconf 88' lang='lat' dir='ltr'>definitionem</span> <span class='ocrx_word' id='word_1_224' title='bbox 801 2572 1032 2633; x_wconf 87' lang='lat' dir='ltr'>differre,</span> <span class='ocrx_word' id='word_1_225' title='bbox 1074 2589 1234 2639; x_wconf 89' lang='lat' dir='ltr'>quam</span> <span class='ocrx_word' id='word_1_226' title='bbox 1259 2574 1458 2622; x_wconf 89' lang='lat' dir='ltr'>temere</span> <span class='ocrx_word' id='word_1_227' title='bbox 1486 2570 1757 2640; x_wconf 85' lang='lat' dir='ltr'>progredi,</span> <span class='ocrx_word' id='word_1_228' title='bbox 1799 2570 1916 2622; x_wconf 92' lang='lat' dir='ltr'>ideo</span> <span class='ocrx_word' id='word_1_229' title='bbox 1956 2569 2195 2622; x_wconf 89' lang='lat' dir='ltr'>conditio</span> <span class='ocrx_word' id='word_1_230' title='bbox 2233 2569 2438 2622; x_wconf 91' lang='lat' dir='ltr'>dissen-</span> 
     </span>
     <span class='ocr_line' id='line_1_31' title="bbox 394 2643 2437 2712; baseline -0.002 -13"><span class='ocrx_word' id='word_1_231' title='bbox 394 2647 650 2699; x_wconf 89' lang='lat' dir='ltr'>tientium</span> <span class='ocrx_word' id='word_1_232' title='bbox 709 2644 1059 2698; x_wconf 79' lang='lat' dir='ltr'>favorabilior</span> <span class='ocrx_word' id='word_1_233' title='bbox 1118 2662 1231 2696; x_wconf 88' lang='lat' dir='ltr'>esse</span> <span class='ocrx_word' id='word_1_234' title='bbox 1290 2644 1468 2708; x_wconf 90' lang='lat' dir='ltr'>debet,</span> <span class='ocrx_word' id='word_1_235' title='bbox 1523 2647 1577 2696; x_wconf 92' lang='lat' dir='ltr'>et</span> <span class='ocrx_word' id='word_1_236' title='bbox 1636 2643 1769 2712; x_wconf 89' lang='lat' dir='ltr'>ipsis</span> <span class='ocrx_word' id='word_1_237' title='bbox 1820 2643 2080 2712; x_wconf 89' lang='lat' dir='ltr'>prioritas</span> <span class='ocrx_word' id='word_1_238' title='bbox 2137 2644 2196 2695; x_wconf 92' lang='lat' dir='ltr'>in</span> <span class='ocrx_word' id='word_1_239' title='bbox 2250 2643 2437 2696; x_wconf 89' lang='lat' dir='ltr'>dandis</span> 
     </span>
     <span class='ocr_line' id='line_1_32' title="bbox 394 2718 1243 2791; baseline -0.004 -18"><span class='ocrx_word' id='word_1_240' title='bbox 394 2720 668 2791; x_wconf 88' lang='lat' dir='ltr'>suffragiis</span> <span class='ocrx_word' id='word_1_241' title='bbox 710 2718 1049 2773; x_wconf 88' lang='lat' dir='ltr'>concedenda</span> <span class='ocrx_word' id='word_1_242' title='bbox 1088 2722 1243 2771; x_wconf 83' lang='lat' dir='ltr'>esset.</span> 
     </span>
    </p>

    <p class='ocr_par' dir='ltr' id='par_1_8' title="bbox 395 2791 2438 3084">
     <span class='ocr_line' id='line_1_33' title="bbox 548 2791 2438 2862; baseline -0.002 -16"><span class='ocrx_word' id='word_1_243' title='bbox 548 2795 759 2848; x_wconf 81' lang='lat' dir='ltr'>Tertia:</span> <span class='ocrx_word' id='word_1_244' title='bbox 801 2799 864 2848; x_wconf 92' lang='lat' dir='ltr'>ut</span> <span class='ocrx_word' id='word_1_245' title='bbox 890 2812 1165 2862; x_wconf 85' lang='lat' dir='ltr'>nunquam</span> <span class='ocrx_word' id='word_1_246' title='bbox 1206 2792 1330 2845; x_wconf 89' lang='lat' dir='ltr'>talis</span> <span class='ocrx_word' id='word_1_247' title='bbox 1371 2792 1561 2845; x_wconf 90' lang='lat' dir='ltr'>modus</span> <span class='ocrx_word' id='word_1_248' title='bbox 1588 2791 1925 2854; x_wconf 83' lang='lat' dir='ltr'>adhibeatur,</span> <span class='ocrx_word' id='word_1_249' title='bbox 1967 2791 2058 2842; x_wconf 87' lang='lat' dir='ltr'>ubi</span> <span class='ocrx_word' id='word_1_250' title='bbox 2099 2791 2161 2843; x_wconf 92' lang='lat' dir='ltr'>de</span> <span class='ocrx_word' id='word_1_251' title='bbox 2189 2791 2438 2861; x_wconf 88' lang='lat' dir='ltr'>dogmate</span> 
     </span>
     <span class='ocr_line' id='line_1_34' title="bbox 400 2864 2437 2934; baseline -0.001 -13"><span class='ocrx_word' id='word_1_252' title='bbox 400 2870 518 2922; x_wconf 87' lang='lat' dir='ltr'>fidei</span> <span class='ocrx_word' id='word_1_253' title='bbox 557 2869 893 2933; x_wconf 90' lang='lat' dir='ltr'>definiendo,</span> <span class='ocrx_word' id='word_1_254' title='bbox 935 2872 1030 2920; x_wconf 90' lang='lat' dir='ltr'>aut</span> <span class='ocrx_word' id='word_1_255' title='bbox 1069 2867 1132 2919; x_wconf 92' lang='lat' dir='ltr'>de</span> <span class='ocrx_word' id='word_1_256' title='bbox 1173 2885 1374 2921; x_wconf 90' lang='lat' dir='ltr'>canone</span> <span class='ocrx_word' id='word_1_257' title='bbox 1415 2867 1513 2919; x_wconf 92' lang='lat' dir='ltr'>sub</span> <span class='ocrx_word' id='word_1_258' title='bbox 1552 2864 1909 2919; x_wconf 88' lang='lat' dir='ltr'>anathematis</span> <span class='ocrx_word' id='word_1_259' title='bbox 1948 2883 2121 2934; x_wconf 91' lang='lat' dir='ltr'>poena</span> <span class='ocrx_word' id='word_1_260' title='bbox 2161 2865 2437 2918; x_wconf 89' lang='lat' dir='ltr'>condendo</span> 
     </span>
     <span class='ocr_line' id='line_1_35' title="bbox 395 2939 2438 3013; baseline -0.001 -18"><span class='ocrx_word' id='word_1_261' title='bbox 395 2943 660 3013; x_wconf 82' lang='lat' dir='ltr'>agendum</span> <span class='ocrx_word' id='word_1_262' title='bbox 713 2943 847 3005; x_wconf 83' lang='lat' dir='ltr'>erit3</span> <span class='ocrx_word' id='word_1_263' title='bbox 901 2946 955 2994; x_wconf 91' lang='lat' dir='ltr'>et</span> <span class='ocrx_word' id='word_1_264' title='bbox 1006 2942 1138 2994; x_wconf 80' lang='lat' dir='ltr'>llaec</span> <span class='ocrx_word' id='word_1_265' title='bbox 1190 2960 1300 2994; x_wconf 89' lang='lat' dir='ltr'>non</span> <span class='ocrx_word' id='word_1_266' title='bbox 1350 2940 1680 2995; x_wconf 89' lang='lat' dir='ltr'>definiantur</span> <span class='ocrx_word' id='word_1_267' title='bbox 1719 2944 1814 2994; x_wconf 89' lang='lat' dir='ltr'>aut</span> <span class='ocrx_word' id='word_1_268' title='bbox 1854 2939 2155 2992; x_wconf 90' lang='lat' dir='ltr'>condantur</span> <span class='ocrx_word' id='word_1_269' title='bbox 2196 2939 2303 2993; x_wconf 91' lang='lat' dir='ltr'>nisi</span> <span class='ocrx_word' id='word_1_270' title='bbox 2341 2959 2438 3009; x_wconf 89' lang='lat' dir='ltr'>per</span> 
     </span>
     <span class='ocr_line' id='line_1_36' title="bbox 398 3016 1474 3084; baseline -0.002 -15"><span class='ocrx_word' id='word_1_271' title='bbox 398 3020 618 3071; x_wconf 84' lang='lat' dir='ltr'>verbum</span> <span class='ocrx_word' id='word_1_272' title='bbox 661 3019 899 3084; x_wconf 80' lang='lat' dir='ltr'>«placet»</span> <span class='ocrx_word' id='word_1_273' title='bbox 942 3021 1039 3069; x_wconf 89' lang='lat' dir='ltr'>aut</span> <span class='ocrx_word' id='word_1_274' title='bbox 1079 3034 1214 3069; x_wconf 77' lang='lat' dir='ltr'>«no-n</span> <span class='ocrx_word' id='word_1_275' title='bbox 1245 3016 1474 3081; x_wconf 75' lang='lat' dir='ltr'>placet».</span> 
     </span>
    </p>

    <p class='ocr_par' dir='ltr' id='par_1_9' title="bbox 399 3087 2438 3220">
     <span class='ocr_line' id='line_1_37' title="bbox 549 3087 2438 3161; baseline -0.001 -16"><span class='ocrx_word' id='word_1_276' title='bbox 549 3092 755 3158; x_wconf 73' lang='lat' dir='ltr'>Quarta</span> <span class='ocrx_word' id='word_1_277' title='bbox 811 3095 1022 3161; x_wconf 90' lang='lat' dir='ltr'>spectat</span> <span class='ocrx_word' id='word_1_278' title='bbox 1077 3091 1144 3143; x_wconf 94' lang='lat' dir='ltr'>ad</span> <span class='ocrx_word' id='word_1_279' title='bbox 1208 3108 1492 3142; x_wconf 91' lang='lat' dir='ltr'>numerum</span> <span class='ocrx_word' id='word_1_280' title='bbox 1556 3088 1941 3159; x_wconf 87' lang='lat' dir='ltr'>suffragiorum</span> <span class='ocrx_word' id='word_1_281' title='bbox 1995 3087 2318 3158; x_wconf 88' lang='lat' dir='ltr'>requisitum</span> <span class='ocrx_word' id='word_1_282' title='bbox 2377 3092 2438 3143; x_wconf 88' lang='lat' dir='ltr'>ut</span> 
     </span>
     <span class='ocr_line' id='line_1_38' title="bbox 399 3166 974 3220; baseline 0.007 -4"><span class='ocrx_word' id='word_1_283' title='bbox 399 3166 611 3218; x_wconf 86' lang='lat' dir='ltr'>decreta</span> <span class='ocrx_word' id='word_1_284' title='bbox 652 3167 974 3220; x_wconf 86' lang='lat' dir='ltr'>condantur.</span> 
     </span>
    </p>

    <p class='ocr_par' dir='ltr' id='par_1_10' title="bbox 399 3236 2438 3664">
     <span class='ocr_line' id='line_1_39' title="bbox 547 3236 2435 3295; baseline -0.001 -5"><span class='ocrx_word' id='word_1_285' title='bbox 547 3239 664 3292; x_wconf 85' lang='lat' dir='ltr'>Mos</span> <span class='ocrx_word' id='word_1_286' title='bbox 728 3241 962 3295; x_wconf 87' lang='lat' dir='ltr'>usitatus</span> <span class='ocrx_word' id='word_1_287' title='bbox 1024 3239 1082 3291; x_wconf 92' lang='lat' dir='ltr'>in</span> <span class='ocrx_word' id='word_1_288' title='bbox 1148 3238 1403 3292; x_wconf 85' lang='lat' dir='ltr'>Conciliis</span> <span class='ocrx_word' id='word_1_289' title='bbox 1467 3236 1818 3291; x_wconf 89' lang='lat' dir='ltr'>oecumenicis</span> <span class='ocrx_word' id='word_1_290' title='bbox 1877 3236 2099 3289; x_wconf 91' lang='lat' dir='ltr'>omnino</span> <span class='ocrx_word' id='word_1_291' title='bbox 2163 3239 2435 3290; x_wconf 88' lang='lat' dir='ltr'>servetur:</span> 
     </span>
     <span class='ocr_line' id='line_1_40' title="bbox 402 3309 2438 3384; baseline -0.001 -19"><span class='ocrx_word' id='word_1_292' title='bbox 402 3331 591 3382; x_wconf 89' lang='lat' dir='ltr'>nempe</span> <span class='ocrx_word' id='word_1_293' title='bbox 629 3319 692 3367; x_wconf 90' lang='lat' dir='ltr'>ut</span> <span class='ocrx_word' id='word_1_294' title='bbox 730 3315 855 3367; x_wconf 85' lang='lat' dir='ltr'>fidei</span> <span class='ocrx_word' id='word_1_295' title='bbox 893 3315 1148 3384; x_wconf 87' lang='lat' dir='ltr'>dogmata</span> <span class='ocrx_word' id='word_1_296' title='bbox 1186 3331 1298 3366; x_wconf 90' lang='lat' dir='ltr'>non</span> <span class='ocrx_word' id='word_1_297' title='bbox 1335 3312 1645 3381; x_wconf 87' lang='lat' dir='ltr'>majoritate</span> <span class='ocrx_word' id='word_1_298' title='bbox 1683 3311 1985 3373; x_wconf 91' lang='lat' dir='ltr'>numerica,</span> <span class='ocrx_word' id='word_1_299' title='bbox 2037 3310 2128 3363; x_wconf 88' lang='lat' dir='ltr'>sed</span> <span class='ocrx_word' id='word_1_300' title='bbox 2170 3309 2438 3363; x_wconf 78' lang='lat' dir='ltr'>unanimi-</span> 
     </span>
     <span class='ocr_line' id='line_1_41' title="bbox 400 3383 2436 3456; baseline -0.002 -15"><span class='ocrx_word' id='word_1_301' title='bbox 400 3391 514 3441; x_wconf 88' lang='lat' dir='ltr'>tate</span> <span class='ocrx_word' id='word_1_302' title='bbox 563 3388 756 3440; x_wconf 89' lang='lat' dir='ltr'>morali</span> <span class='ocrx_word' id='word_1_303' title='bbox 808 3389 1163 3442; x_wconf 87' lang='lat' dir='ltr'>definiantur:</span> <span class='ocrx_word' id='word_1_304' title='bbox 1219 3387 1363 3456; x_wconf 87' lang='lat' dir='ltr'>quod</span> <span class='ocrx_word' id='word_1_305' title='bbox 1415 3386 1548 3439; x_wconf 88' lang='lat' dir='ltr'>adeo</span> <span class='ocrx_word' id='word_1_306' title='bbox 1598 3390 1878 3454; x_wconf 87' lang='lat' dir='ltr'>acceptum</span> <span class='ocrx_word' id='word_1_307' title='bbox 1927 3383 2025 3438; x_wconf 92' lang='lat' dir='ltr'>Pio</span> <span class='ocrx_word' id='word_1_308' title='bbox 2072 3383 2168 3437; x_wconf 90' lang='lat' dir='ltr'>IV.</span> <span class='ocrx_word' id='word_1_309' title='bbox 2218 3383 2328 3438; x_wconf 87' lang='lat' dir='ltr'>fuit</span> <span class='ocrx_word' id='word_1_310' title='bbox 2377 3384 2436 3436; x_wconf 91' lang='lat' dir='ltr'>in</span> 
     </span>
     <span class='ocr_line' id='line_1_42' title="bbox 402 3457 2437 3531; baseline -0.003 -15"><span class='ocrx_word' id='word_1_311' title='bbox 402 3461 644 3516; x_wconf 88' lang='lat' dir='ltr'>Concilio</span> <span class='ocrx_word' id='word_1_312' title='bbox 671 3461 1011 3525; x_wconf 85' lang='lat' dir='ltr'>Tridentino,</span> <span class='ocrx_word' id='word_1_313' title='bbox 1052 3466 1116 3515; x_wconf 89' lang='lat' dir='ltr'>ut</span> <span class='ocrx_word' id='word_1_314' title='bbox 1155 3479 1275 3514; x_wconf 92' lang='lat' dir='ltr'>cum</span> <span class='ocrx_word' id='word_1_315' title='bbox 1313 3460 1378 3513; x_wconf 88' lang='lat' dir='ltr'>de</span> <span class='ocrx_word' id='word_1_316' title='bbox 1401 3459 1721 3531; x_wconf 84' lang='lat' dir='ltr'>gravissima</span> <span class='ocrx_word' id='word_1_317' title='bbox 1758 3477 1817 3512; x_wconf 91' lang='lat' dir='ltr'>re</span> <span class='ocrx_word' id='word_1_318' title='bbox 1855 3457 2161 3529; x_wconf 85' lang='lat' dir='ltr'>dogmatica</span> <span class='ocrx_word' id='word_1_319' title='bbox 2185 3462 2437 3529; x_wconf 85' lang='lat' dir='ltr'>ageretur</span> 
     </span>
     <span class='ocr_line' id='line_1_43' title="bbox 408 3532 2436 3604; baseline 0 -20"><span class='ocrx_word' id='word_1_320' title='bbox 408 3535 580 3588; x_wconf 82' lang='lat' dir='ltr'>»nihil</span> <span class='ocrx_word' id='word_1_321' title='bbox 637 3534 850 3588; x_wconf 89' lang='lat' dir='ltr'>definiri</span> <span class='ocrx_word' id='word_1_322' title='bbox 906 3536 1166 3600; x_wconf 85' lang='lat' dir='ltr'>voluerit,</span> <span class='ocrx_word' id='word_1_323' title='bbox 1225 3535 1331 3589; x_wconf 87' lang='lat' dir='ltr'>nisi</span> <span class='ocrx_word' id='word_1_324' title='bbox 1389 3535 1533 3604; x_wconf 91' lang='lat' dir='ltr'>quod</span> <span class='ocrx_word' id='word_1_325' title='bbox 1589 3533 1830 3586; x_wconf 89' lang='lat' dir='ltr'>unanimi</span> <span class='ocrx_word' id='word_1_326' title='bbox 1889 3532 2115 3587; x_wconf 86' lang='lat' dir='ltr'>Patrum</span> <span class='ocrx_word' id='word_1_327' title='bbox 2170 3549 2436 3586; x_wconf 80' lang='lat' dir='ltr'>consensu</span> 
     </span>
     <span class='ocr_line' id='line_1_44' title="bbox 399 3611 828 3664; baseline -0.005 0"><span class='ocrx_word' id='word_1_328' title='bbox 399 3611 791 3664; x_wconf 88' lang='lat' dir='ltr'>decerneretur.</span> <span class='ocrx_word' id='word_1_329' title='bbox 803 3627 828 3656; x_wconf 82' lang='grc'>»</span> 
     </span>
    </p>

    <p class='ocr_par' dir='ltr' id='par_1_11' title="bbox 548 3678 2435 3752">
     <span class='ocr_line' id='line_1_45' title="bbox 548 3678 2435 3752; baseline -0.002 -14"><span class='ocrx_word' id='word_1_330' title='bbox 548 3683 623 3738; x_wconf 87' lang='lat' dir='ltr'>Et</span> <span class='ocrx_word' id='word_1_331' title='bbox 666 3701 853 3737; x_wconf 84' lang='lat' dir='ltr'>revera</span> <span class='ocrx_word' id='word_1_332' title='bbox 890 3683 1133 3752; x_wconf 89' lang='lat' dir='ltr'>apprime</span> <span class='ocrx_word' id='word_1_333' title='bbox 1181 3701 1298 3737; x_wconf 88' lang='lat' dir='ltr'>mos</span> <span class='ocrx_word' id='word_1_334' title='bbox 1336 3683 1428 3736; x_wconf 87' lang='lat' dir='ltr'>ille</span> <span class='ocrx_word' id='word_1_335' title='bbox 1467 3681 1758 3739; x_wconf 88' lang='lat' dir='ltr'>concordat</span> <span class='ocrx_word' id='word_1_336' title='bbox 1795 3680 2137 3736; x_wconf 85' lang='lat' dir='ltr'>celeberrimo</span> <span class='ocrx_word' id='word_1_337' title='bbox 2175 3679 2260 3734; x_wconf 87' lang='lat' dir='ltr'>illi</span> <span class='ocrx_word' id='word_1_338' title='bbox 2296 3678 2435 3735; x_wconf 85' lang='lat' dir='ltr'>Vin-</span> 
     </span>
    </p>
   </div>
   <div class='ocr_carea' id='block_1_4' title="bbox 2542 3637 2612 4062">
    <p class='ocr_par' dir='ltr' id='par_1_12' title="bbox 2542 3637 2612 4062">
     <span class='ocr_line' id='line_1_46' title="bbox 2542 3637 2612 4062; baseline 0 0"><span class='ocrx_word' id='word_1_339' title='bbox 2542 3637 2612 4062; x_wconf 95' lang='lat' dir='ltr'> </span> 
     </span>
    </p>
   </div>
  </div>
 </body>
</html>
