2722 4146
2156 353 2220 405 19

181 499 320 556 hanc
375 503 586 570 petram
644 500 698 551 et
756 517 916 569 super
974 497 1115 554 hanc
1155 499 1312 553 fidem
1370 496 1644 552 aedificabo
1697 497 1992 552 Ecclesiam
2041 516 2227 552 meam.

183 576 324 629 Huic
364 573 504 627 enim
545 573 831 627 sententiae
884 573 1183 644 Apostolus
1243 574 1576 628 concordans
1635 573 1741 627 ait:
1803 573 2232 627 Fundamentum

183 651 338 703 aliud
376 666 521 702 nemo
552 653 727 714 potest
761 665 968 714 ponere,
1005 655 1224 715 praeter
1262 650 1333 712 id,
1397 649 1532 715 quod
1572 651 1807 714 positum
1861 653 1939 702 est
1977 649 2118 716 quod
2156 653 2233 702 est

199 724 436 778 lbi-istus
473 722 666 786 Jesus;
705 741 766 774 ac
807 725 851 775 si
893 723 1062 776 dicat:
1103 743 1215 776 non
1254 727 1335 776 est
1356 722 1503 775 aliud
1532 722 1959 787 fundamentum,
2001 722 2108 776 nisi
2134 723 2232 780 illa

184 803 356 869 petra,
399 816 558 867 quam
600 796 790 849 Petrus
829 798 1014 866 posuit
1053 798 1581 859 iii-fundamentum,
1625 816 1744 850 cum
1783 798 2014 851 diceret:
2057 797 2142 851 Tu
2180 815 2233 850 es

189 873 433 938 Christus
471 871 653 924 Filius
693 869 798 923 Dei
849 873 985 925 viz-i:
1037 890 1198 941 super
1249 872 1390 924 hanc
1446 875 1625 924 autem
1682 876 1891 941 petram
1930 872 2233 925 aedificatur

187 947 422 1000 Ecclesia
460 945 574 998 Dei.
656 944 727 996 Et
758 952 947 1012 portae
987 948 1152 1013 inferi
1202 964 1302 999 non
1346 946 1727 1013 praevalebzmt
1777 947 2035 1000 adversus
2084 964 2231 999 eam:

187 1023 290 1085 Qui
328 1021 470 1074 enim
511 1020 761 1072 ceciderit
801 1039 960 1089 super
1000 1021 1145 1073 hunc
1184 1021 1416 1090 lapidem
1443 1021 1846 1091 confringetur3
1886 1039 2047 1088 super
2085 1038 2235 1089 quem

191 1114 303 1149 vero
345 1096 590 1148 ceciderit
631 1094 771 1160 lapis
810 1097 922 1158 iste,
967 1100 1191 1148 eon-teret
1231 1114 1361 1148 eum.
1443 1095 1620 1148 Tanto
1661 1094 1804 1147 enim
1853 1095 2058 1165 impetu
2110 1099 2233 1148 tan-

188 1177 349 1240 taque
389 1169 712 1223 fortitudine
751 1170 864 1221 haec
906 1174 1060 1238 petra
1102 1170 1294 1232 fertur,
1356 1173 1417 1222 ut
1476 1189 1660 1222 muros
1720 1174 1985 1234 conterat,
2046 1174 2232 1239 portas

189 1245 532 1307 comminuat,
575 1247 628 1294 et
670 1244 818 1295 nulla
859 1245 1032 1296 virtus
1075 1245 1158 1296 vel
1198 1244 1468 1296 fortitudo
1509 1244 1557 1295 ei
1596 1244 1847 1297 resistere
1873 1245 2065 1297 valeat.
2132 1243 2233 1296 Sed

191 1320 235 1371 si
276 1319 355 1371 vis
395 1319 555 1371 aliter
595 1318 900 1388 intelligere
943 1323 1127 1387 portas
1167 1318 1342 1382 inferi,
1387 1337 1651 1388 cognosce
1691 1319 1840 1387 prius
1881 1323 2067 1388 portas
2097 1318 2230 1370 coeli.

195 1394 372 1446 Portae
431 1411 659 1461 namque
719 1393 838 1444 coeli
879 1391 1135 1462 Apostoli
1195 1397 1340 1456 sunt,
1401 1392 1658 1461 Episcopi
1698 1399 1752 1445 et
1791 1393 2112 1456 sacerdotes,
2183 1397 2235 1444 et

193 1468 301 1532 alii,
345 1487 576 1536 quorum
615 1467 863 1519 doctrina
904 1473 955 1520 et
998 1467 1254 1536 exemplis
1297 1467 1414 1518 coeli
1453 1467 1717 1535 palatium
1758 1467 1997 1520 fidelium
2044 1469 2235 1519 animae

193 1542 590 1612 ingrediuntur.
677 1541 850 1594 l'ortae
891 1541 1049 1594 inferi
1089 1541 1281 1604 Judaei‚
1321 1541 1560 1593 haeretici
1602 1560 1890 1616 omnesque
1930 1542 2238 1595 seductores

196 1623 245 1668 et
307 1616 430 1667 fidei
490 1615 769 1668 catholica}
831 1620 1193 1684 corruptores.
1292 1615 1364 1667 Et
1423 1614 1515 1667 isti
1580 1615 1794 1683 quidem
1853 1619 2043 1668 contra
2098 1617 2238 1668 hanc

196 1694 403 1759 petram
463 1694 517 1742 et
569 1690 826 1741 adversus
884 1690 1195 1754 Ecclesiam,
1257 1708 1375 1758 quae
1435 1708 1593 1757 super
1652 1708 1767 1741 eam
1826 1690 2088 1743 aedificata
2140 1694 2237 1753 est,

196 1764 484 1833 praevalere
543 1782 655 1816 non
716 1767 995 1832 poterunt.
1098 1764 1171 1816 Et
1225 1765 1322 1816 tibi
1377 1764 1510 1816 dabo
1551 1764 1721 1817 claves
1768 1766 1919 1832 reym'
1967 1765 2235 1818 coeloram.

194 1839 312 1891 Hoc
339 1838 498 1902 enim,
524 1837 666 1907 quod
688 1838 1066 1907 principaliter
1087 1839 1250 1891 Petro
1266 1838 1482 1903 dicitur,
1499 1839 1706 1891 caeteris
1730 1858 1942 1908 quoque
1958 1839 2240 1907 Apostolis

195 1913 398 1966 dictum
455 1931 566 1965 esse
618 1911 857 1982 intelligi
918 1913 1100 1965 debet:
1162 1916 1216 1965 et
1267 1933 1377 1966 11011
1437 1917 1655 1966 tantum
1693 1913 1992 1982 ApostoliS,
2055 1932 2240 1966 verum

196 1987 354 2040 etiam
398 1987 681 2055 Episcopis
722 1991 775 2039 et
815 1987 1201 2039 sacerdotibus.
1280 1987 1397 2039 Illis
1439 1988 1583 2039 enim
1623 1993 1677 2040 et
1717 1989 1892 2040 claves
1919 1992 1973 2040 et
2000 1992 2240 2057 potestas

194 2082 224 2114 a
264 2062 496 2114 Domino
538 2061 665 2114 <lata
703 2065 799 2123 est,
843 2065 903 2113 ut
955 2080 1064 2112 11011
1117 2063 1291 2114 90111111
1332 2062 1642 2125 Ecclesiam,
1685 2062 1775 2114 sed
1815 2067 1869 2115 et
1923 2063 2082 2115 coelos
2123 2061 2242 2114 aliis

199 2136 460 2205 aperiant.
543 2135 615 2187 Et
656 2136 998 2202 quodeunque
1052 2137 1304 2203 Hylai-eris
1349 2179 1357 2187 .
1404 2180 1412 2188 .
1461 2178 1469 2187 .
1526 2136 1644 2188 Hoc
1691 2136 1948 2206 Episcopi
1999 2136 2241 2198 audiant,

201 2211 263 2262 de
303 2227 524 2262 munere
563 2210 850 2279 gaudeant,
894 2210 956 2262 de
997 2215 1268 2279 potestate
1308 2230 1417 2263 non
1460 2211 1792 2278 superbiant.
1887 2211 1943 2264 Si
1984 2211 2127 2263 enim
2167 2210 2243 2262 sic

201 2285 493 2356 ligaverint
535 2289 597 2336 ut
636 2284 846 2346 Petrus,
889 2285 1149 2353 quidquid
1190 2285 1513 2354 ligaverint,
1540 2284 1769 2354 ligatum
1811 2286 1933 2349 erit,
1988 2289 2041 2338 et
2088 2284 2242 2353 qnid-

202 2360 330 2428 quid
373 2358 654 2420 solverint,
699 2358 941 2410 solutum
999 2359 1118 2411 erit.
1200 2359 1324 2411 Ideo
1383 2359 1525 2410 enim
1564 2358 1678 2411 haec
1737 2359 1839 2412 soli
1878 2359 2039 2412 Petro
2099 2359 2242 2411 dicta

201 2438 345 2496 sunt,
388 2432 512 2500 quia
551 2450 706 2484 nemo
748 2432 972 2495 fidelior,
1014 2452 1167 2485 nemo
1203 2433 1422 2501 justior,
1465 2451 1619 2486 nemo
1661 2433 1964 2498 discretior,
2006 2437 2061 2485 et
2087 2451 2242 2485 nemo

205 2507 391 2558 melior
432 2510 564 2569 erat,
609 2507 693 2558 cni
732 2506 846 2558 haec
899 2508 1060 2558 verba
1110 2507 1217 2559 dici
1269 2508 1591 2575 potuissent.
1673 2505 1796 2559 Ideo
1837 2507 1920 2559 illi
1960 2508 2063 2560 soli
2103 2507 2244 2559 dicta

204 2586 332 2634 sunt
389 2585 451 2632 ut
511 2599 691 2632 omnes
751 2580 843 2632 alii
904 2599 957 2631 se
1015 2581 1073 2632 in
1132 2581 1228 2633 1110
1289 2582 1441 2650 quasi
1499 2582 1554 2633 in
1617 2581 1832 2650 speculo
1874 2581 2109 2646 videant,
2170 2581 2246 2633 sic

205 2655 450 2718 vivendO,
493 2654 566 2706 sic
606 2655 830 2724 agendo,
875 2655 949 2706 919
989 2655 1228 2725 ligandO,
1271 2656 1345 2707 sic
1386 2655 1643 2708 solvendo
1687 2660 1739 2708 et
1779 2675 1808 2707 a
1848 2675 1977 2726 pace
2024 2660 2077 2709 et
2117 2674 2245 2707 con-

204 2729 384 2782 cordia
426 2747 537 2780 non
576 2729 921 2782 recedendo»

353 2803 730 2866 Firmiliamts,
775 2803 1029 2855 Caesarefe
1071 2803 1424 2872 Cappadociae
1464 2804 1640 2873 Episc.
1688 2803 1864 2873 (epist.
1907 2805 1973 2856 ad
2000 2804 2051 2856 S.
2083 2803 2243 2872 Cypr.

207 2897 247 2930 9.
302 2878 414 2947 16):
475 2878 658 2940 Qualis
698 2897 823 2931 vero
884 2878 957 2930 sit
996 2897 1163 2942 error,
1226 2882 1280 2931 et
1319 2883 1521 2947 quanta
1580 2879 1652 2931 sit
1701 2878 1913 2930 coecitas
1963 2881 2090 2946 erS,
2153 2877 2247 2946 qui

206 2951 574 3010 remissionem
614 2957 957 3021 peccatorum
997 2953 1144 3014 dicit,
1186 2952 1329 3022 apud
1368 2971 1672 3022 synagogas
1713 2953 2090 3004 hier-eticorum
2130 2951 2246 3002 dari

208 3044 378 3094 posse,
419 3045 517 3079 nec
554 3031 834 3096 permanet
874 3027 930 3078 in
971 3026 1321 3079 fundamento
1363 3027 1520 3078 unius
1560 3026 1828 3088 Ecclesiae,
1871 3043 1988 3094 quae
2029 3025 2190 3077 semel
2216 3044 2246 3076 a

211 3099 425 3152 Christo
466 3120 629 3170 supra
667 3106 878 3170 petram
917 3101 1148 3153 solidata
1188 3105 1284 3154 est.
1383 3100 1526 3152 Hinc
1565 3100 1801 3170 intelligi
1852 3104 2050 3168 potest,
2104 3100 2247 3169 quod

210 3173 311 3224 soli
350 3173 512 3228 Petro
555 3174 802 3228 Christus
841 3175 1070 3227 dixerit:
1136 3175 1482 3241 Quaecunque
1522 3175 1772 3242 Ziyaveris
1813 3217 1821 3226 .
1869 3217 1879 3226 .
1940 3178 1994 3227 et
2051 3175 2247 3227 iterum

211 3246 268 3298 in
306 3246 631 3318 Evangelio,
692 3250 908 3318 quando
968 3249 1024 3300 in
1084 3250 1228 3302 solos
1287 3249 1581 3318 Apostolos
1641 3248 1943 3301 insufflavit
2000 3248 2248 3301 Christus

211 3320 418 3373 dicens:
477 3322 719 3390 Accipite
777 3323 1042 3390 Spiritum
1099 3329 1366 3386 sanetum,
1441 3340 1661 3390 quorum
1729 3324 2046 3376 remiseritis
2101 3366 2110 3375 .
2169 3366 2178 3375 .
2234 3362 2245 3373 .

214 3393 459 3448 Potestas
499 3414 626 3467 ergo
678 3403 1023 3467 peccatorum
1074 3398 1526 3451 remittendorum
1564 3395 1849 3466 Apostolis
1900 3398 2024 3450 data
2074 3400 2155 3449 est
2194 3400 2248 3447 et

212 3468 466 3533 ecclesiis,
508 3489 638 3539 quas
677 3472 762 3524 illi
800 3492 830 3524 a
871 3472 1086 3525 Christo
1126 3472 1276 3524 missi
1315 3472 1698 3535 fundaverunt,
1740 3476 1794 3525 et
1833 3471 2114 3540 Episcopis
2155 3469 2247 3537 qui

214 3542 288 3594 eis
328 3544 659 3598 successione
698 3545 896 3599 vicaria
926 3549 1357 3604 successerunt.»

364 3616 436 3670 Et
474 3617 534 3670 in
570 3619 752 3672 eadem
791 3621 950 3690 epist.
992 3639 1033 3672 c.
1083 3625 1194 3674 17.:
1241 3619 1376 3682 «Qui
1416 3617 1746 3688 (Stephanus
1784 3620 1938 3673 Rom.
1969 3617 2246 3684 Pontifex)

215 3691 291 3742 sic
341 3690 405 3743 de
443 3691 804 3763 Episcopatus
855 3695 939 3747 sui
989 3695 1109 3748 loco
1148 3694 1419 3765 gloriatur
1472 3697 1526 3746 et
1566 3712 1620 3746 se
1666 3693 2050 3747 successionem
2099 3690 2248 3744 Petri

213 3768 397 3818 tenere
436 3767 732 3832 contendit,
773 3787 932 3838 super
954 3787 1111 3839 quem
1151 3768 1502 3822 fundamenta
1529 3767 1782 3821 Ecclesiae
1812 3768 2073 3820 collocata
2101 3769 2247 3830 sunt,

1896 3857 1948 3898 2*
