2612 4062
414 198 522 253 226

410 347 669 400 dicuntur
707 346 812 400 viri
851 343 1110 415 religiosi,
1155 376 1223 383 —
1262 344 1450 398 forsan
1487 349 1543 400 et
1581 342 1676 417 pii,
1723 378 1791 386 ——
1833 343 1927 419 qui
1963 344 2193 403 maxime
2230 348 2286 405 in
2328 348 2466 405 illud

410 421 684 486 influunt3
728 421 851 490 qui,
893 419 1179 473 calliditati
1219 419 1402 490 potius
1442 439 1602 490 quam
1639 422 1798 476 bonis
1837 422 2048 476 artibus
2089 425 2309 492 confisi,
2349 445 2464 479 rem

408 496 681 550 Ecclesiae
735 496 794 548 in
843 494 1138 547 maximum
1190 512 1254 547 ex
1313 513 1419 564 quo
1477 499 1599 549 orta
1649 497 1723 551 sit
1768 497 2054 551 discrimen
2093 499 2463 564 adduxerunt;

409 571 502 641 qui
553 572 619 623 ab
673 570 813 623 inito
856 568 1099 622 Concilio
1157 569 1454 623 effecerunt
1501 575 1566 624 ut
1601 571 1659 624 in
1697 571 2091 641 Deputationes
2132 573 2463 629 Conciliares

407 646 448 697 ii
500 646 602 698 soli
655 645 987 715 eligerentur
1046 644 1141 714 qui
1193 662 1381 697 eorum
1437 645 1656 714 placitis
1720 646 1899 699 favere
1963 651 2060 700 aut
2109 653 2464 703 noscerentur
2524 672 2526 676 ’

406 730 502 773 aut
554 719 933 781 crederentur3
988 719 1104 787 qui,
1158 719 1550 772 nonnullorum
1605 739 1669 772 ex
1721 739 1907 774 eorum
1960 722 2463 790 praedecessoribus

407 794 636 864 vestigia
677 797 980 863 prementes
1010 794 1064 845 in
1109 793 1471 847 schematibus
1511 794 1668 848 nobis
1709 795 2038 864 propositis,
2081 801 2136 850 et
2175 816 2239 850 ex
2279 816 2465 851 eorum

408 868 628 921 officina
685 867 1098 937 prodeuntibuS,
1140 867 1279 920 nihil
1317 868 1488 939 magis
1530 869 1679 922 cordi
1718 870 1968 923 habuisse
2006 871 2260 925 videntur
2303 891 2462 942 quam

404 941 779 1012 Episcopalem
817 943 1205 996 auctoritatem
1245 942 1558 1012 deprimere,
1600 943 1943 997 Pontificiam
1970 950 2148 998 autem
2177 947 2462 1010 extollere;

406 1022 461 1070 et
507 1018 797 1070 verborum
850 1017 1167 1088 ambagibus
1219 1017 1467 1071 incautos
1524 1018 1768 1087 decipere
1808 1020 1944 1072 velle
1985 1020 2272 1085 videntur,
2335 1022 2461 1074 dum

403 1092 509 1144 alia
559 1093 625 1144 ab
677 1092 802 1145 aliis
850 1092 909 1144 in
950 1110 1136 1145 eorum
1183 1092 1603 1161 explicationem
1655 1094 1924 1147 dicantur.
2003 1093 2105 1147 Isti
2155 1115 2319 1166 grave
2358 1096 2463 1149 hoc

404 1167 717 1219 incendium
774 1167 832 1219 in
892 1166 1132 1219 Ecclesia
1190 1167 1531 1230 excitarunt;
1593 1171 1648 1220 et
1700 1168 1755 1220 in
1810 1168 1948 1220 illud
2005 1169 2286 1222 insufflare
2346 1189 2459 1223 non

404 1241 688 1306 desinunt,
741 1241 960 1310 scriptis
1015 1259 1232 1304 eorum,
1288 1242 1512 1310 pietatis
1566 1242 1794 1311 speciem
1833 1243 2322 1312 praeseferentibus
2365 1245 2454 1298 sed

405 1314 635 1370 veritate
675 1318 787 1386 ejus
829 1316 1030 1380 vacuis,
1070 1316 1128 1368 in
1166 1317 1400 1386 populos
1441 1317 1777 1388 spargendis.

552 1390 737 1443 Zelum
787 1391 1046 1444 habentes
1087 1392 1208 1460 plus
1249 1410 1410 1460 quam
1450 1391 1759 1456 scientiam,
1802 1392 2006 1445 vellent
2046 1393 2176 1446 boni
2215 1393 2309 1447 isti
2350 1393 2454 1446 viri

404 1465 462 1518 in
502 1465 689 1518 Divini
716 1464 1024 1519 Architecti
1065 1467 1311 1530 formam,
1353 1466 1530 1530 aliam,
1571 1470 1634 1519 ut
1659 1466 1791 1536 ipsis
1832 1466 2003 1519 videri
2041 1472 2243 1536 posset,
2272 1468 2463 1521 melio-

404 1559 516 1592 rem
575 1544 629 1593 et
681 1540 968 1593 fortiorem
1006 1540 1288 1603 inducere3
1347 1559 1467 1593 cum
1519 1541 1641 1610 Ipse
1696 1541 1896 1594 unitati
1952 1542 2123 1595 totius
2179 1547 2232 1595 et
2274 1543 2464 1595 unius-

405 1617 661 1684 cujusque
701 1614 875 1683 partis
916 1615 1159 1668 libertati
1198 1615 1360 1667 simul
1402 1616 1767 1678 consuluerit3
1824 1634 1924 1668 nec
1963 1617 2129 1669 etiam
2169 1616 2390 1670 Vicario
2430 1636 2461 1669 a

406 1688 473 1742 Se
521 1689 699 1758 posito
740 1693 917 1742 totam
956 1688 1092 1742 Suae
1133 1689 1429 1742 Potestatis
1469 1690 1864 1758 plenitudinem
1905 1692 2229 1754 contulerit;
2284 1692 2456 1744 sciens

404 1763 535 1832 quid
575 1767 714 1816 esset
753 1764 811 1816 in
850 1763 1085 1827 homine,
1128 1770 1182 1817 et
1220 1765 1412 1816 nolens
1453 1768 1514 1817 ut
1542 1764 1737 1832 aliquis
1776 1764 1834 1816 in
1875 1765 2036 1830 clero,
2079 1765 2134 1817 id
2162 1769 2259 1829 est,
2303 1771 2455 1819 sorte

405 1838 554 1908 Ejus,
596 1857 731 1907 quae
771 1843 852 1891 est
892 1838 1149 1902 Ecclesia,
1192 1839 1583 1892 dominaretur.

551 1911 673 1965 Jam
729 1914 933 1966 frustra
988 1913 1288 1982 quaesitum
1343 1918 1423 1966 est
1477 1917 1538 1966 ut
1589 1913 1719 1965 haec
1765 1913 1942 1966 tristis
1983 1914 2355 1967 controversia
2401 1914 2459 1967 in

404 1986 647 2040 Concilio
688 2006 800 2040 non
840 1988 1198 2050 excitaretur,
1241 1992 1294 2040 et
1333 2006 1499 2056 aeque
1527 1988 1828 2057 quaesitum
1869 1992 1950 2040 est
1990 1993 2052 2041 ut
2091 2007 2199 2040 non
2229 1988 2456 2040 definia-

405 2067 525 2125 tur,
579 2061 686 2114 nisi
736 2066 863 2131 post
903 2081 1123 2114 examen
1165 2063 1309 2132 quod
1349 2062 1413 2114 de
1452 2062 1769 2115 testimonio
1809 2062 2124 2115 traditionis
2166 2063 2265 2115 hac
2305 2063 2364 2115 in
2402 2081 2459 2115 re

403 2137 614 2188 nullum
674 2136 958 2190 dubitandi
1019 2138 1200 2190 locum
1258 2137 1608 2206 relinqueret.
1699 2136 1776 2189 Ut
1830 2137 1883 2189 id
1936 2137 2121 2201 fieret,
2181 2137 2459 2206 deputatio

405 2215 624 2280 patrum
665 2230 729 2263 ex
769 2215 997 2281 utraque
1035 2216 1191 2280 parte
1231 2212 1512 2276 stantium,
1554 2211 1766 2280 aequali
1805 2230 2051 2275 numero,
2092 2215 2148 2264 et
2187 2211 2461 2282 suffragiis

404 2304 591 2339 eorum
643 2286 737 2355 qui
788 2305 908 2339 cum
958 2286 1026 2339 iis
1072 2286 1131 2338 in
1169 2286 1441 2339 sententia
1481 2286 1843 2349 concordant,
1898 2286 2297 2356 eligendorum,
2349 2289 2462 2356 jam

404 2365 533 2414 ante
584 2365 695 2414 tres
746 2361 857 2413 fere
911 2379 1119 2414 menses
1160 2361 1437 2430 postulata
1490 2364 1571 2413 est
1611 2361 1676 2413 ab
1717 2360 2178 2414 Eminentissimis
2220 2361 2462 2431 Congre-

404 2435 643 2506 gationis
684 2434 966 2488 Generalis
1005 2435 1378 2499 PraesidibuS,
1432 2435 1702 2504 petitione
1749 2435 1816 2487 ad
1865 2435 1919 2486 id
1959 2436 2142 2488 oblata
2179 2436 2246 2487 ab
2285 2435 2460 2504 insig-

406 2507 622 2562 niorum
674 2510 880 2563 sedium
927 2509 1299 2572 antistitibus;
1360 2528 1495 2578 quae
1546 2509 1847 2578 postulatio
1902 2510 2114 2579 saepius
2162 2509 2352 2562 deiude
2391 2510 2456 2562 ab

406 2583 529 2637 aliis
581 2583 639 2637 in
682 2583 1119 2668 Congregatione
1161 2583 1411 2636 Generali
1450 2583 1648 2636 iterata
1695 2587 1806 2644 est;
1856 2587 1910 2636 et
1962 2584 2242 2636 nonnullis
2295 2584 2459 2635 etiam

407 2678 595 2712 eorum
647 2658 741 2728 qui
779 2658 1124 2712 Pontificiam
1164 2657 1625 2710 Infallibilitatem
1663 2660 1920 2722 tuentur,
1961 2658 2202 2710 arridere
2241 2657 2458 2710 dicitur.

408 2731 611 2804 Agitur
667 2733 811 2786 enim
850 2733 913 2786 de
952 2751 1010 2785 re
1051 2750 1184 2802 quae
1223 2731 1393 2785 totius
1433 2731 1704 2784 Ecclesiae
1741 2735 2094 2784 monumenta
2133 2731 2461 2800 exquirenda

409 2808 669 2877 exposcit,
713 2812 767 2861 et
803 2826 939 2878 quae
964 2807 1158 2860 animis
1183 2805 1498 2875 tranquillis
1527 2806 1709 2875 potius
1737 2823 1895 2874 quam
1925 2805 2207 2858 commotis
2233 2805 2459 2858 tractari

410 2882 582 2936 debet.
642 2882 741 2936 Ait
778 2882 994 2952 quidem
1031 2881 1506 2934 Eminentissimus
1528 2879 1900 2932 Dubliniensis
1935 2880 2197 2949 ejusmodi
2239 2898 2459 2932 examen

410 2957 469 3009 in
506 2961 718 3026 tempus
758 2957 921 3010 nimis
960 2958 1202 3027 longum,
1243 2955 1309 3007 ad
1350 2955 1490 3007 diem
1529 2973 1697 3024 usque
1722 2953 1925 3007 Judicii
1952 2954 2304 3019 UniversaliS,
2346 2973 2459 3007 sese

411 3035 780 3084 extensurum.
860 3030 918 3085 Si
976 3031 1055 3085 ita
1094 3031 1196 3095 sit,
1252 3029 1442 3082 melius
1488 3031 1554 3082 ab
1607 3028 1755 3082 omni
1794 3027 2124 3083 Definitione
2171 3029 2457 3092 abstinere,

412 3123 572 3173 quam
621 3124 1040 3176 praeproperam
1094 3105 1390 3158 efformare.
1469 3103 1547 3157 At
1585 3102 1816 3164 dicitur3
1857 3103 2031 3157 honos
2071 3107 2126 3157 et
2163 3103 2458 3157 auctoritas

413 3177 639 3231 Sanctae
665 3178 816 3232 Sedis
855 3180 1229 3234 definitionem
1268 3179 1511 3249 exigunt,
1552 3195 1650 3230 nec
1687 3176 1892 3229 differri
1930 3182 2114 3248 potest
2141 3178 2274 3247 quin
2299 3178 2456 3230 ambo

412 3251 714 3306 laedantur.
758 3285 824 3292 —
878 3254 1202 3324 Respondeo
1254 3253 1432 3306 verbis
1482 3250 1831 3319 Hieronymi,
1887 3252 2147 3306 vocabulo
2198 3252 2306 3305 alio
2357 3270 2456 3321 pro

413 3325 697 3380 notissimo
741 3329 1110 3383 «auctoritas»
1153 3327 1481 3381 substituto:

562 3441 810 3497 MAJOR
848 3445 981 3500 EST
1022 3445 1249 3502 SALUS
1289 3445 1503 3501 ORBIS
1542 3442 1749 3510 QUAM
1786 3442 2021 3499 URBIS.
2064 3474 2132 3483 —-
2171 3443 2318 3497 Dixi.
