2612 4062
429 322 529 375 122

423 469 559 523 Illas
606 468 670 521 de
721 467 917 538 quibus
970 466 1206 536 egimuS‚
1266 484 1377 519 non
1429 465 1599 518 fuisse
1657 465 2004 520 definitiones
2058 485 2122 519 ex
2173 467 2463 522 cathedra?

428 543 531 598 Sed
561 543 630 595 ad
655 543 794 595 hanc
822 541 1191 594 definitionem
1230 559 1294 592 ex
1329 541 1584 593 cathedra
1610 541 2043 594 constituendam
2072 542 2199 611 quid
2239 545 2466 610 petunt?

425 618 504 672 Ut
543 618 656 670 sint
695 617 853 669 editae
891 635 922 667 a
960 614 1115 668 Rom.
1155 613 1513 667 Pontificibus
1555 616 1815 683 pastorali
1855 634 2075 668 munere
2114 617 2470 669 confirmandi

425 693 623 746 fratres
674 690 1059 760 fungentibus:
1122 708 1185 741 en
1226 689 1441 742 litteras
1481 688 1742 753 Honorii,
1803 690 2085 743 damnatos
2137 709 2168 743 a
2209 690 2467 743 Conciliis

424 765 792 828 oecumeniciS,
861 763 986 834 quia
1035 762 1212 834 Sergii
1269 763 1511 816 haeretici
1570 767 1801 816 mentem
1854 764 1911 816 in
1962 764 2211 818 omnibus
2251 770 2465 829 secutae,

424 842 536 894 eius
588 839 753 907 impia
805 838 1058 908 dogmata
1116 839 1598 890 confirmaverant:
1667 843 1864 907 petunt
1915 842 1978 892 ut
2034 839 2149 892 sint
2205 858 2466 908 responsa

424 915 576 967 Rom.
619 912 964 976 Pontificum,
1007 912 1200 981 quibus
1241 912 1490 965 ecclesias
1530 913 1789 965 edocent:
1831 931 1896 965 en
1938 913 2210 966 decretum
2239 914 2470 984 Eugenii

422 988 516 1041 IV.
559 1006 659 1056 pro
700 986 954 1039 Armenis
995 987 1215 1056 eiusque
1256 987 1397 1039 circa
1449 987 1729 1039 materiam
1782 991 1835 1040 et
1874 987 2103 1040 formam
2143 988 2467 1041 sacramenti

424 1062 632 1115 ordinis
672 1061 994 1125 doctrinam,
1035 1080 1357 1130 responsum
1385 1059 1599 1113 Nicolai
1637 1062 1702 1113 ad
1730 1061 1998 1131 Bulgaros
2040 1062 2103 1114 de
2142 1062 2467 1131 baptismate

423 1138 480 1189 in
519 1137 736 1189 nomine
777 1135 979 1188 Christi
1022 1136 1255 1188 collato:
1298 1154 1618 1205 responsum
1647 1135 1899 1206 Gregorii
1920 1136 1990 1188 II.
2032 1137 2098 1188 ad
2125 1136 2467 1189 Bonifacium

423 1212 564 1264 circa
590 1210 922 1264 solutionem
942 1210 1276 1263 matrimonii
1305 1213 1529 1279 propter
1555 1211 1933 1263 infirmitatem
1959 1211 2217 1273 mulieriS,
2244 1229 2468 1280 respon-

422 1305 540 1339 sum
591 1285 734 1355 quod
787 1284 1082 1338 Gratianus
1135 1289 1295 1337 vocat
1346 1285 1669 1354 evangelicae
1720 1289 1774 1338 et
1832 1285 2144 1353 apostolicae
2201 1285 2467 1338 doctrinae

424 1362 735 1420 adversum;
777 1363 975 1429 petunt
1024 1363 1086 1412 ut
1139 1359 1414 1412 decretum
1459 1359 1738 1412 Pontificis
1796 1359 1868 1412 sit
1906 1359 1971 1411 ad
2011 1359 2320 1412 universam
2359 1360 2462 1412 Ec-

425 1435 637 1488 clesiam
681 1434 960 1497 directum,
1005 1452 1067 1486 ex
1096 1433 1396 1502 apostolica
1423 1435 1768 1487 auctoritatae
1807 1433 2025 1497 editum,
2069 1452 2189 1485 cum
2216 1434 2468 1487 clausulis

423 1511 487 1563 de
527 1509 891 1572 damnatione,
932 1509 995 1560 de
1034 1526 1193 1577 poena
1233 1509 1806 1562 excommunicationis
1847 1508 1902 1560 in
1940 1509 2253 1577 oppositum
2291 1508 2468 1560 deter-

425 1586 724 1636 minantes:
791 1601 856 1635 en
916 1582 1288 1635 Constitutum
1349 1582 1560 1651 vigilii,
1635 1586 1826 1652 postea
1879 1583 1944 1634 ab
2016 1583 2201 1635 eodem
2259 1582 2465 1652 Vigilio

424 1661 799 1720 retractatum,
861 1661 915 1710 et
953 1659 1241 1724 rejectum,
1303 1675 1369 1708 en
1410 1656 1845 1709 Constitutiones
1903 1658 2042 1709 circa
2095 1660 2468 1726 paupertatem

426 1731 630 1786 Christi
686 1730 902 1784 Nicolai
946 1730 1041 1783 IV.
1102 1735 1157 1783 et
1201 1730 1430 1783 Joannis
1475 1730 1648 1782 XXII.
1711 1732 1976 1800 oppositae
2035 1735 2089 1784 et
2148 1731 2465 1794 contrariae;

427 1810 652 1877 petunt,
713 1810 776 1858 ut
822 1805 1069 1858 definitio
1119 1805 1190 1857 sit
1237 1805 1299 1857 de
1345 1805 1470 1867 fide,
1519 1810 1640 1858 toto
1688 1805 1924 1874 pondere
1968 1806 2282 1874 apostolicae
2341 1824 2466 1858 auc-

425 1881 672 1934 toritatis
730 1880 902 1943 edita,
974 1880 1041 1931 ad
1106 1879 1416 1932 universam
1468 1879 1790 1943 Ecclesiam,
1850 1883 1912 1932 ut
1969 1880 2119 1931 illam
2183 1881 2468 1933 confirmet

425 1956 482 2008 in
549 1955 683 2006 fide:
762 1973 827 2006 611
892 1954 1177 2023 epistolam
1244 1952 1295 2006 S.
1357 1953 1581 2017 Leonis,
1659 1973 1820 2022 quam
1890 1958 2073 2006 tamen
2142 1954 2468 2006 oecumenica

428 2029 666 2098 synodus
707 2029 1006 2097 propositis
1035 2028 1392 2081 sacrosanctis
1419 2028 1732 2098 Evangeliis
1761 2028 2097 2092 retractavit,
2141 2032 2194 2081 et
2220 2029 2467 2097 synodali

425 2103 661 2157 examini
702 2114 756 2155 et
791 2102 998 2172 judicio
1041 2103 1287 2172 subjecit,
1330 2107 1496 2171 prout
1533 2103 1646 2171 ipse
1685 2102 2048 2155 Bellarminus
2089 2103 2309 2166 fatetur,
2351 2107 2472 2156 acta

425 2178 881 2232 Chalcedonensis
921 2178 1115 2246 synodi
1155 2181 1465 2240 testantur,
1526 2182 1580 2229 et
1620 2178 1908 2229 manifesta
1960 2177 2224 2230 confessio
2276 2178 2470 2246 synodi

425 2253 631 2323 quintae
660 2252 961 2304 confirmat.
1021 2251 1175 2304 Unde
1201 2251 1338 2303 nihil
1368 2251 1515 2303 aliud
1556 2255 1742 2314 restat,
1783 2251 1888 2303 nisi
1915 2255 1977 2304 ut
2003 2251 2068 2303 ad
2096 2251 2471 2304 definitionem

425 2346 488 2379 ex
528 2326 780 2379 cathedra
833 2327 1171 2378 efficiendam
1226 2326 1546 2378 universalis
1586 2325 1839 2378 Ecclesiae
1898 2326 2217 2396 suffragium
2267 2327 2471 2395 requiri

425 2402 606 2454 dicant
668 2405 722 2453 et
779 2401 838 2452 in
900 2401 1003 2453 hoc
1061 2419 1248 2452 verum
1306 2400 1509 2464 dicunt,
1569 2419 1776 2469 nosque
1834 2419 2018 2453 omnes
2072 2400 2470 2454 consentientes

424 2475 641 2528 habent.
720 2475 851 2527 Haec
909 2479 990 2527 est
1042 2493 1167 2526 vera
1229 2474 1474 2527 definitio
1534 2493 1598 2526 ex
1656 2475 1938 2527 cathedra:
1999 2474 2153 2528 Rom.
2195 2474 2467 2539 Pontifex,

426 2549 519 2618 qni
570 2548 892 2600 universalis
945 2548 1199 2600 Ecclesiae
1251 2548 1573 2617 suffragium
1635 2553 1687 2600 et
1740 2549 2122 2601 auctoritatem
2181 2549 2468 2618 exprimit;

426 2624 511 2675 vel
553 2622 844 2675 secundum
882 2626 1115 2674 mentem
1144 2620 1195 2673 S.
1226 2621 1477 2674 Thomae:
1519 2621 1672 2673 Rom.
1702 2621 1971 2686 Pontifex,
2013 2623 2107 2691 qui
2132 2623 2470 2675 oecumenicae

425 2697 619 2766 synodi
676 2697 762 2749 vel
820 2696 1142 2748 universalis
1192 2695 1444 2748 Ecclesiae
1497 2696 1850 2758 sententiam,
1912 2715 2008 2748 sna
2064 2697 2365 2764 apostolica
2416 2700 2473 2750 et

426 2789 672 2840 suprema
713 2774 985 2840 potestate
1026 2770 1342 2822 confirmat:
1385 2770 1470 2821 vel
1510 2770 1802 2822 secundum
1828 2774 2062 2822 mentem
2091 2769 2141 2822 S.
2174 2769 2467 2823 Antonini:

425 2846 580 2899 Rom.
604 2845 897 2909 Pontifex,
939 2845 1032 2914 qui
1072 2848 1233 2897 utens
1273 2844 1521 2907 conciliO,
1564 2848 1619 2897 et
1656 2844 1939 2913 requirens
1974 2844 2305 2913 adjutorium
2344 2844 2468 2897 uni-

424 2938 595 2973 versae
634 2919 905 2982 Ecclesiae,
948 2919 1183 2988 supremi
1227 2919 1464 2972 omnium
1495 2918 1927 2971 Christianorum
1968 2918 2208 2970 doctoris
2246 2937 2468 2971 munere

426 2995 661 3065 fungens
702 3013 766 3047 ex
807 2993 1062 3047 cathedra
1101 2993 1358 3056 decernit,
1401 2993 1530 3062 quid
1569 2993 1628 3044 in
1666 2993 1824 3044 rebus
1879 2992 2004 3044 fidei
2057 2996 2110 3044 et
2150 3010 2363 3045 morum
2401 2994 2467 3046 ab

429 3068 693 3132 omnibuS‚
738 3068 831 3137 qui
871 3071 1000 3121 sunt
1040 3068 1239 3138 ubique
1279 3068 1492 3131 fideleS,
1552 3066 1845 3120 tenendum
1892 3066 1994 3127 sit;
2048 3066 2134 3118 vel
2174 3067 2467 3120 secundum

428 3141 481 3195 S.
521 3142 813 3195 Irenaeum:
873 3142 1120 3195 Romana
1159 3142 1407 3204 ecclesia,
1467 3159 1587 3211 quae
1627 3140 1867 3193 omnium
1907 3140 2249 3192 ecclesiarum
2295 3142 2468 3194 tradi-

429 3216 634 3269 tionem
673 3235 767 3268 sua
807 3217 1190 3286 praedicatione
1229 3215 1570 3279 manifestat,
1630 3233 1749 3267 cum
1788 3214 1850 3266 ad
1892 3214 2062 3283 ipsam
2101 3219 2361 3284 tanquam
2402 3215 2467 3268 ad

429 3294 590 3359 caput
630 3293 684 3342 et
722 3290 787 3342 ad
828 3294 1072 3344 centrum
1112 3310 1302 3358 omnes⁴
1334 3290 1569 3343 ecclesiae
1609 3288 1887 3342 confluant
1919 3307 2130 3341 necesse
2169 3289 2258 3342 sit.
2336 3289 2466 3343 Haec

431 3371 512 3417 est
569 3381 696 3415 vera
752 3363 996 3417 definitio
1057 3383 1120 3417 ex
1179 3365 1458 3419 cathedra:
1524 3363 1776 3416 universa
1833 3362 2088 3425 Ecclesia,
2148 3379 2265 3432 qnae
2316 3383 2467 3418 suam

428 3437 737 3492 doctrinam
774 3455 870 3506 per
910 3456 1066 3490 sunm
1116 3443 1278 3510 caput
1317 3438 1676 3509 pronunciat3
1734 3437 2000 3489 universae
2044 3437 2298 3491 Ecclesiae
2353 3438 2467 3491 suf-

428 3511 665 3583 fragium
703 3514 758 3563 et
797 3512 1092 3565 auctoritas
1132 3514 1191 3566 in
1231 3532 1328 3568 suo
1366 3513 1568 3566 vertice
1606 3511 1989 3580 comprehensa
2039 3515 2094 3564 et
2146 3529 2242 3580 per
2288 3512 2465 3581 ipsum

428 3586 792 3639 manifestata..
873 3583 1001 3647 Quae
1040 3586 1286 3642 definitio
1327 3605 1392 3641 ex
1431 3586 1685 3640 cathedra
1721 3603 1834 3638 non
1873 3585 2069 3654 pendet
2107 3603 2171 3637 ex
2199 3603 2278 3649 66,
2319 3585 2464 3654 quod

429 3659 684 3714 Pontifex
719 3658 876 3712 Rom.
917 3659 986 3711 ad
1022 3658 1164 3713 hanc
1200 3662 1285 3714 vel
1323 3661 1389 3715 ad
1427 3661 1579 3714 illam
1617 3658 1909 3713 Ecclesiam
1947 3659 2232 3728 loquatur,
2272 3659 2357 3711 vel
2395 3659 2464 3712 ad

432 3751 645 3800 omnes3
684 3751 799 3800 non
837 3750 902 3786 ex
927 3733 1044 3787 solo
1072 3734 1310 3805 pondere
1335 3753 1444 3791 suae
1469 3732 1782 3807 apostolicae
1805 3731 2150 3789 auctoritatis
2177 3735 2232 3787 et
2252 3732 2460 3804 judicii,
