2612 4062
2108 242 2219 299 ‘127

178 390 351 451 clesiae
394 404 599 466 ‘graecae
657 394 713 450 et
769 390 957 448 latinae
995 390 1336 450 intellectisz‘
1374 397 1490 449 tum
1533 398 1598 447 e'x
1636 387 1931 447 traditione
1968 391 2224 448 Ecclesiae

178 472 320 524 circa
377 471 619 541 regulam
677 469 829 534 fidei,
871 473 988 522 tum
1040 488 1103 523 ex
1144 469 1400 524 Conciliis
1438 467 1806 527 oecumenicis.
1847 472 1964 521 tum
2004 487 2069 521 ex
2106 469 2224 539 ipsa

174 545 482 614 theologica
521 548 575 597 et
613 545 746 597 bene
787 545 1038 598 consulta
1076 545 1289 598 ratione
1328 545 1618 614 probatum
1656 547 1769 596 031.
1823 561 2128 628 supremam
2167 548 2222 597 et

173 619 514 672 infallibilem
552 618 935 671 auctoritatem
973 638 1004 671 a
1044 618 1260 672 Christo
1303 619 1620 672 collocatam
1661 617 1826 670 101330
1883 617 1942 671 111
2000 618 2221 671 univer-

174 694 300 746 salis
341 693 595 745 Ecclesiae
654 693 941 762 suffragio,
1003 694 1114 746 sive
1165 694 1536 746 consideretur
1575 693 1633 744 in
1673 691 1911 745 Ecclesia
1949 692 2219 762 dispersa:

173 769 283 821 sive
322 767 381 819 in
419 767 660 820 Ecclesia
700 771 1044 837 congregata,
1087 767 1198 820 sive
1238 768 1297 820 in
1334 768 1489 820 Rom.
1532 766 1814 831 Pontifice,
1853 766 1911 819 in
1951 785 2057 836 quo
2097 771 2221 821 tan-

173 861 332 911 quam
371 842 429 894 in
468 860 717 910 supremo
767 842 967 894 vertice
1006 846 1124 895 tota
1171 843 1339 895 veluti
1377 842 1669 894 assumitur
1710 845 1764 894 et
1802 845 2223 910 repraesentatur

173 916 437 978 Ecclesia,
479 916 513 968 i.
556 934 597 968 0.
641 915 879 968 Ecclesia
919 917 1169 969 universa
1209 920 1290 969 est
1330 916 1654 979 infallibilis,
1696 919 1749 968 et
1789 915 2026 984 explicat
2066 934 2223 968 suum

171 990 544 1060 magisterium
583 991 694 1042 sive
734 990 989 1058 dispersa,
1032 990 1143 1043 sive
1184 994 1530 1060 congregata,
1572 989 1683 1042 sive
1722 1007 1816 1058 per
1842 989 1997 1043 Rom.
2028 989 2221 1043 Ponti-

171 1066 348 1129 ficem,
404 1065 496 1133 qui
550 1065 734 1118 eodem
774 1083 894 1117 cum
935 1069 1053 1118 toto
1096 1083 1321 1134 corpore
1359 1064 1561 1133 spiritu
1600 1064 1844 1117 veritatis
1885 1065 2021 1118 vivit
2063 1069 2118 1118 et
2156 1064 2222 1116 ad

172 1158 328 1208 quem
386 1143 448 1191 ut
504 1139 569 1191 ad
628 1143 789 1208 caput
847 1143 902 1192 et
942 1142 1188 1192 centrum
1228 1157 1412 1192 omnes
1453 1138 1686 1191 ecclesiae
1726 1137 2023 1192 confluunt.
2103 1138 2222 1191 Hoc

170 1214 315 1266 enim
354 1232 512 1266 sensu
553 1213 890 1266 verissimum
930 1218 1027 1279 est,
1070 1218 1232 1283 caput
1271 1213 1578 1266 infallibilis
1619 1212 1872 1265 Ecclesiae
1912 1232 2025 1266 non
2065 1231 2222 1283 posse

171 1307 282 1341 non
321 1306 431 1341 esse
472 1287 773 1340 infallibile.

316 1362 435 1415 Tali
488 1362 646 1415 modo
688 1363 832 1415 inter
856 1362 1195 1432 ScripturaS,
1237 1361 1444 1425 PatreS,
1489 1360 1728 1414 Concilia
1769 1361 1901 1414 ordo
1942 1365 1996 1414 et
2036 1362 2218 1416 unitas

170 1442 395 1506 apparet
448 1437 733 1506 omniaque
786 1438 1084 1490 christiana
1123 1439 1472 1490 monumenta
1510 1436 1740 1489 harmon
1764 1455 1820 1489 00
1860 1436 2219 1504 explicantur,

170 1516 224 1565 et
253 1511 548 1564 christiana
587 1512 812 1564 traditio
853 1512 1046 1564 similis
1086 1515 1312 1580 apparet
1351 1510 1433 1562 illi
1474 1511 1707 1575 30101110,
1750 1511 1843 1579 qui
1881 1511 1939 1562 in
1978 1511 2221 1581 germine

170 1585 385 1639 1010103
409 1605 602 1649 1011103,
626 1586 862 1650 frondeS,
904 1587 1063 1638 flores
1105 1591 1158 1638 et
1197 1586 1407 1637 fructus
1448 1584 1710 1650 continet,
1752 1604 1960 1654 semper
2000 1586 2220 1638 eandem

169 1660 413 1723 formam,
445 1661 658 1713 eosdem
697 1660 1030 1713 characteres
1072 1664 1127 1713 et
1165 1659 1389 1712 eundem
1429 1660 1800 1729 organismum
1837 1660 2095 1725 retinens,
2138 1679 2221 1712 se-

170 1754 224 1787 se
264 1735 514 1804 explicat,
559 1735 750 1787 crescit
790 1739 844 1787 et
883 1736 948 1787 fit
985 1753 1181 1804 magna
1218 1734 1396 1786 arbor.
1463 1734 1583 1786 Tali
1624 1734 1782 1786 modo
1824 1738 1878 1787 et
1900 1733 2221 1804 Apostolica

171 1810 336 1873 sedeS,
372 1809 615 1862 omnium
654 1810 998 1862 ecclesiarum
1039 1812 1216 1878 caput,
1260 1812 1430 1860 mater
1470 1812 1524 1861 et
1564 1808 1843 1879 magistra,
1885 1809 2220 1877 splendidius

170 1888 223 1937 et
250 1884 684 1953 magnificentius
725 1903 873 1936 suam
900 1902 1202 1952 supremam
1226 1886 1553 1952 potestatem
1592 1883 1868 1951 patefacit,
1911 1884 2082 1937 totius
2122 1903 2220 1936 an-

171 1958 444 2027 tiquitatis
503 1959 804 2027 apostolica
863 1958 1159 2011 traditione
1214 1961 1266 2010 et
1306 1957 1627 2009 universalis
1668 1957 1918 2010 Ecclesiae
1958 1958 2219 2033 suffragio

170 2037 225 2086 et
244 2035 523 2102 majestate
546 2039 738 2086 ornata
760 2037 1064 2095 corruscat,
1108 2036 1159 2085 et
1189 2032 1428 2084 omnium
1468 2032 1811 2084 ecclesiarum
1850 2026 2220 2085 ecclesiarum-

171 2126 272 2177 que
311 2111 592 2176 pastorum
632 2108 855 2160 libertas
896 2111 949 2159 et
992 2107 1288 2159 auctoritas
1329 2109 1383 2158 et
1419 2108 1558 2173 jura,
1600 2124 1718 2175 quae
1758 2106 2028 2159 aChristo
2068 2126 2218 2160 acce-

171 2187 386 2251 perunt,
410 2185 557 2234 sarta
597 2185 846 2250 tectaque
886 2185 1110 2234 manent
1149 2185 1203 2233 et
1243 2181 1340 2233 sub
1381 2180 1656 2232 ordinaria
1694 2181 2005 2234 assistentia
2044 2182 2219 2235 sancti

173 2255 440 2325 Spiritus,
501 2275 563 2308 ex
622 2256 763 2324 aptis
805 2255 1354 2323 convenientibusque
1404 2254 1604 2317 causis,
1663 2273 1694 2306 a
1733 2254 1914 2307 divina
1954 2255 2219 2324 sapientia

172 2331 480 2399 dispositiS,
535 2330 876 2383 connaturali
914 2330 1071 2382 modo
1112 2329 1398 2381 infallibile
1439 2329 1715 2381 catholicae
1755 2329 2008 2382 Ecclesiae
2047 2331 2218 2401 magi-

171 2405 393 2458 sterium
435 2404 678 2475 exurgit3
721 2409 774 2457 et
813 2405 1042 2456 arduum
1081 2403 1420 2466 sacrificium,
1463 2422 1568 2472 quo
1610 2422 1793 2455 omnes
1835 2404 2014 2457 fideles
2054 2405 2218 2457 intel-

170 2480 369 2532 lectum
426 2479 484 2531 in
543 2479 856 2547 obsequium
894 2478 1017 2530 fidei
1057 2478 1328 2547 captivare
1369 2477 1591 2541 debent,
1652 2477 1868 2530 suavius
1909 2483 1964 2531 et
2006 2479 2217 2531 facilius

172 2554 407 2606 efficitur
449 2558 504 2606 et
544 2572 724 2606 01111103
764 2557 981 2623 gentes,
1054 2571 1170 2621 quae
1209 2551 1454 2604 nondum
1495 2551 1771 2605 Christum
1811 2552 2124 2618 induerunt,
2164 2557 2218 2606 et

173 2647 356 2681 omnes
391 2628 640 2691 ecclesiae,
684 2646 801 2697 quae
843 2627 961 2679 diro
1003 2627 1290 2679 schismate
1329 2645 1360 2678 a
1398 2626 1553 2678 nobis
1593 2626 1816 2679 divulsae
1855 2646 1886 2678 a
1925 2631 2011 2680 tot
2051 2646 2218 2680 30000-

172 2702 239 2755 113
266 2706 554 2771 prostratae
588 2704 788 2770 jacent,
831 2706 884 2753 et
925 2719 1108 2754 omnes
1150 2719 1290 2765 oveS,
1332 2718 1449 2769 quae
1471 2699 1817 2752 Dominicum
1858 2701 2215 2755 characterem

173 2781 471 2846 portanteS,
514 2781 668 2830 extra
708 2777 847 2829 ovile
887 2781 1174 2846 vagantur,
1222 2778 1284 2827 ut
1323 2775 1387 2826 ad
1429 2774 1691 2826 unitatem
1732 2779 1946 2840 sanctae,
1989 2776 2218 2829 catholi-

175 2868 247 2904 cae
298 2855 351 2904 et
390 2851 702 2920 apostolicae
741 2850 1021 2914 Ecclesiae,
1071 2849 1130 2902 in
1170 2867 1274 2917 qua
1311 2848 1593 2901 nobiscum
1630 2867 1727 2918 per
1767 2852 1886 2901 tota
1926 2851 2120 2903 saecula
2160 2850 2218 2902 in

173 2944 299 2995 pace
335 2926 616 2990 vixerunt,
677 2925 927 2990 redeant,
969 2923 1239 2976 efficacius
1279 2923 1584 2975 invitantur
1625 2926 1678 2976 et
1716 2924 1998 2992 potentius
2036 2925 2218 2978 adtra-

173 3000 397 3053 huntur.

322 3073 405 3126 Ex
446 3074 639 3143 quibus
681 3073 932 3126 omnibus
972 3075 1228 3141 apparet:

328 3150 384 3200 1⁰
437 3147 565 3201 Non
623 3167 779 3217 posse
830 3147 1045 3199 definiri
1091 3146 1240 3198 illam
1278 3144 1618 3214 personalem
1658 3149 1711 3199 et
1750 3165 1781 3198 a
1821 3149 1938 3200 tota
1976 3146 2216 3200 Ecclesia

175 3222 626 3291 independentem
665 3221 1130 3283 infallibilitatem,
1171 3219 1276 3272 nisi
1315 3219 1467 3287 prius
1509 3219 1690 3271 omnia
1729 3226 2052 3291 argumenta
2090 3241 2209 3292 quae

177 3300 365 3349 contra
405 3297 555 3348 illam
593 3315 657 3348 ex
678 3295 993 3365 Scripturis,
1036 3313 1098 3346 ex
1125 3293 1439 3357 traditione,
1480 3311 1544 3344 ex
1572 3293 1842 3358 Conciliis,
1884 3314 1948 3348 ex
1985 3296 2217 3350 historia

176 3374 230 3423 et
268 3389 332 3423 ex
369 3371 678 3440 theologica
716 3370 928 3423 ratione
967 3369 1319 3431 deducuntur,
1361 3367 1609 3420 funditus
1648 3369 1948 3422 solvantur.

325 3444 387 3497 2⁰
424 3443 644 3497 Nullam
672 3462 784 3496 esse
810 3443 1184 3496 necessitatem
1223 3441 1480 3493 faciendae
1517 3441 1824 3512 hujusmodi
1860 3444 2213 3497 definitionis

328 3519 388 3570 3⁰
427 3518 720 3571 Videretur
746 3537 829 3570 res
856 3517 1115 3580 inaudita,
1158 3519 1348 3568 contra
1387 3533 1501 3568 eam
1538 3517 1766 3585 praxim,
1808 3537 1968 3587 quam
2006 3518 2064 3570 in
2104 3518 2215 3570 suis

178 3591 583 3645 definitionibus
621 3591 863 3644 Ecclesia
901 3609 1107 3660 semper
1146 3589 1408 3654 servavit,
1449 3589 1508 3642 in
1546 3609 1651 3660 qua
1689 3595 1778 3646 tot
1813 3592 2086 3662 theologi,
2128 3595 2216 3644 tot

179 3664 340 3732 docti,
379 3670 468 3720 tot
507 3665 703 3719 scholae
743 3670 796 3720 et
834 3665 1130 3735 praeteritis
1171 3667 1225 3717 et
1261 3664 1434 3718 multo
1472 3665 1643 3736 magis
1680 3667 2039 3737 praesentibus
2078 3669 2215 3719 tem-
