2722 4146
459 261 522 311 16

452 405 799 476 affigendum.
878 405 1019 458 Dein
1059 406 1228 458 alium
1267 423 1481 474 quoque
1527 404 1790 458 honorem
1843 405 2076 475 profert:
2139 405 2311 475 Super
2366 407 2501 462 hanc

445 486 653 547 petram
693 481 978 547 aedificabo
1004 480 1296 532 Ecclesiam
1337 497 1518 532 meam.
1597 479 1696 532 Ait
1734 480 1935 550 quippe
1964 479 2182 545 PauluS‚
2225 481 2502 536 Christum

449 555 552 607 sibi
589 555 738 607 illam
779 554 1117 622 (Ecclesiam)
1160 572 1502 622 comparasse
1542 554 1730 622 quavis
1782 555 1990 607 macula
2029 574 2272 626 rugaque
2311 575 2499 610 caren-

449 635 575 691 tem,
618 648 778 697 quam
819 629 980 681 etiam
1022 628 1276 680 fundasse
1316 628 1478 691 dicit,
1522 627 1780 681 firmitate
1821 628 1992 681 eidem
2030 630 2328 693 attributa3
2381 650 2499 684 cum

451 704 522 756 sit
563 705 677 772 ipse
717 703 988 755 virtutum
1028 702 1313 764 Dominus,
1357 706 1519 770 atque
1557 702 1685 754 huic
1712 701 1935 756 Petrum
1975 707 2249 772 pastorem
2288 723 2501 775 praepo—

450 778 574 830 suit.
655 778 792 829 Tum
831 777 1038 830 subdit:
1081 777 1157 829 Et
1197 778 1293 829 tibi
1316 777 1450 829 dabo
1477 776 1647 829 claves
1674 779 1825 844 requi
1865 778 2122 830 coelorum
2150 821 2160 831 .
2193 820 2204 831 .
2236 820 2247 831 .
2290 784 2501 848 tempus

450 857 629 904 tamen
668 851 798 903 doni
838 851 1251 904 resurrectionis
1290 851 1425 904 hora
1466 851 1574 903 fuit
1613 869 1731 903 cum
1760 851 1924 914 dixit;
1965 853 2210 919 Accipite
2239 853 2502 920 Spiritum

449 932 704 978 sanctum.
788 925 1015 991 Quorum
1056 927 1372 978 remiseritis
1401 967 1411 977 .
1445 966 1454 976 .
1487 966 1497 977 .
1541 925 1688 995 Ergo
1729 926 2022 978 secundum
2051 946 2089 981 s.
2123 927 2388 996 Cyrillum
2427 928 2498 992 id,

449 999 594 1068 quod
636 999 905 1069 promisit,
949 1019 1069 1053 cum
1108 1001 1186 1052 ait
1225 999 1414 1052 Petro:
1459 998 1632 1066 Super
1670 1001 1803 1052 lianc
1836 1007 2049 1066 petram
2076 1043 2086 1053 .
2119 1045 2129 1054 .
2162 1043 2172 1053 .
2229 1003 2328 1054 tibi
2368 1003 2502 1055 dabo

450 1075 658 1127 claves.
691 1117 744 1128 ..
801 1076 1039 1128 contulit
1096 1079 1223 1144 post
1282 1075 1763 1135 resurrectionem,
1827 1093 1947 1127 cum
1998 1076 2137 1129 (lixit
2189 1075 2497 1145 Apostolis:

449 1148 691 1215 Accipite
731 1148 1037 1214 Spiritum.
1072 1194 1080 1202 .
1115 1191 1124 1201 .
1168 1167 1385 1216 quorum
1426 1150 1743 1201 remiseritis
1773 1190 1783 1200 .
1816 1191 1826 1200 .
1860 1169 1903 1211 .;
1946 1150 2037 1202 sed
2078 1150 2157 1203 ita
2196 1155 2396 1214 tamen,
2439 1155 2500 1204 ut

450 1223 642 1276 Petrus
684 1224 759 1276 sit
818 1224 991 1276 totius
1033 1223 1282 1276 Ecclesiae
1336 1227 1547 1292 pastor,
1590 1223 1623 1274 i.
1666 1242 1708 1275 e.
1753 1224 1914 1275 verba
1955 1224 2078 1276 illa:
2144 1224 2315 1292 Super
2367 1225 2501 1278 hanc

439 1304 650 1364 petram
683 1340 692 1350 .
726 1340 736 1349 .
769 1342 778 1350 .
824 1299 948 1350 Tibi
988 1300 1122 1350 dabo
1165 1299 1334 1351 claves
1361 1339 1371 1349 .
1399 1340 1408 1350 .
1440 1338 1452 1350 .
1494 1301 1746 1365 spectant
1776 1298 1842 1350 ad
1883 1297 2107 1351 Petrum
2141 1304 2196 1352 et
2243 1300 2309 1351 ad
2348 1299 2500 1368 Apo-

456 1373 645 1436 stolos,
689 1373 779 1424 sed
821 1391 930 1425 non
971 1373 1169 1442 aequali
1208 1373 1399 1425 modo:
1442 1372 1508 1423 ad
1561 1372 1785 1424 Petrum
1824 1376 2076 1440 spectant
2116 1379 2393 1443 tamquam
2433 1374 2500 1426 ad

449 1447 635 1498 ducem
677 1451 729 1498 et
770 1451 1041 1516 pastorem
1084 1447 1254 1500 totius
1297 1447 1513 1516 collegii
1533 1446 1839 1514 apostolici,
1883 1446 2054 1499 totius
2094 1448 2379 1500 Ecclesiae:
2432 1449 2498 1500 ad

449 1521 585 1573 alios
625 1520 924 1590 Apostolos
966 1526 1228 1591 tanquam
1267 1522 1331 1573 ad
1373 1522 1608 1572 minores
1648 1520 1858 1589 ipsique
1886 1520 2048 1573 Petro
2077 1523 2370 1591 subjectos:
2415 1524 2498 1574 vel

451 1596 545 1646 illa
585 1597 747 1648 verba
774 1600 1023 1664 spectant
1049 1597 1113 1648 ad
1138 1596 1362 1648 Petrum
1389 1599 1656 1663 quatenus
1704 1594 1818 1663 ipse
1866 1600 1928 1648 ut
1955 1614 2048 1664 cap
2060 1601 2116 1649 nt
2143 1601 2498 1666 repraesentat

452 1675 629 1722 totum
669 1670 959 1739 collegium
998 1671 1383 1740 apostolicum:
1427 1670 1511 1721 vel
1552 1673 1816 1738 quatenus
1857 1670 1914 1721 in
1955 1669 2072 1738 ipso
2115 1672 2258 1724 utin
2289 1689 2496 1724 summo

450 1744 649 1796 vertice
691 1749 869 1797 totum
909 1746 1195 1815 collegium
1237 1744 1597 1813 apostolicum
1635 1743 2007 1797 reassumitur.

603 1819 812 1871 Paulus
851 1819 1128 1872 Diaconus
1169 1818 1364 1871 saeculo
1407 1817 1559 1870 VIII.
1593 1818 1788 1884 (hom.:
1832 1817 2000 1871 Venit
2026 1818 2182 1871 Jesus
2229 1818 2286 1870 in
2314 1823 2497 1888 partes

451 1892 754 1961 Caesareae):
803 1893 911 1946 «Et
951 1912 1055 1962 esse,
1101 1896 1224 1961 qicia
1268 1899 1324 1946 tei
1363 1910 1415 1945 cs
1457 1893 1672 1945 Petrus.
1753 1891 1906 1946 Sicut
1946 1893 2088 1945 enim
2118 1893 2365 1946 Christus
2406 1894 2495 1946 cle-

451 1967 532 2020 dit
574 1967 857 2036 Apostolis
896 1988 1109 2032 nomen,
1154 1972 1214 2020 ut
1254 1969 1347 2019 lux
1387 1968 1471 2019 vel
1511 1967 1590 2018 sal
1631 1971 1790 2019 terrae
1831 1973 2182 2031 vocarentur,
2239 1967 2317 2020 ita
2370 1968 2495 2021 huic

451 2043 670 2112 egregio
714 2043 1007 2096 confessori
1048 2062 1144 2096 suo
1199 2043 1266 2094 ob
1307 2043 1473 2094 robur
1526 2041 1742 2093 invictae
1791 2041 1912 2093 fidei
1972 2041 2117 2094 Petri
2169 2061 2364 2095 nomen
2416 2043 2501 2095 111-

450 2116 609 2179 didit,
652 2117 778 2185 quia
818 2118 1068 2170 videlicet
1115 2118 1197 2169 illi
1249 2115 1424 2169 tenaci
1472 2120 1650 2168 mente
1690 2115 1931 2179 inhaesit,
1987 2116 2049 2168 de
2090 2135 2196 2186 quo
2238 2118 2500 2185 scriptum

449 2194 557 2243 est:
599 2158 771 2243 'Pctra
810 2197 985 2244 autem
1023 2198 1137 2244 erat
1181 2190 1547 2245 Christus..
1604 2189 1679 2242 Et
1730 2207 1887 2256 super
1935 2191 2069 2244 lianc
2097 2196 2327 2258 petram,
2376 2191 2411 2245 i.
2454 2211 2496 2244 e.

450 2283 610 2334 super
665 2284 772 2320 me.
826 2286 985 2335 quem
1036 2285 1127 2319 ore
1167 2271 1263 2319 tuo
1314 2266 1590 2318 confessus
1668 2283 1722 2316 es
1763 2265 1972 2318 dicens:
2001 2265 2082 2317 Tu
2135 2283 2187 2318 cs
2251 2263 2500 2319 Christus

451 2339 633 2393 Filius
674 2340 779 2392 Dei
820 2343 942 2394 vivi.
1031 2341 1155 2410 Ipse
1195 2345 1278 2394 est
1318 2339 1462 2392 enim
1511 2339 1647 2408 lapis
1699 2339 1972 2408 pretiosus
2022 2340 2079 2392 111
2143 2340 2497 2394 fundamento

454 2413 703 2466 Ecclesiae
732 2415 1084 2478 constitutUS,
1127 2416 1190 2467 de
1218 2434 1324 2484 quo
1348 2414 1575 2465 Paulus:
1620 2414 2063 2467 szdmnentum.
2111 2415 2304 2483 inquit,
2347 2416 2499 2468 aliud

450 2506 595 2540 nemo
646 2495 822 2555 potest
836 2508 1032 2555 ponere
1051 2496 1270 2555 practer
1308 2490 1379 2551 id,
1425 2490 1564 2555 quod
1595 2490 1833 2554 positum
1873 2494 1975 2553 est,
2033 2490 2171 2556 quod
2225 2495 2302 2542 est
2345 2488 2499 2542 Clio-2·-

450 2567 565 2614 stus
604 2563 796 2628 Jesus,·
834 2564 946 2615 sive
985 2582 1146 2632 super
1174 2567 1398 2632 petram,
1440 2563 1543 2613 hoc
1564 2567 1660 2623 est,
1703 2581 1864 2631 super
1890 2563 2030 2615 hanc
2057 2563 2229 2627 fidem,
2272 2582 2377 2632 qua
2415 2583 2498 2616 me

452 2635 651 2688 Filium
690 2637 789 2689 Dei
830 2638 940 2690 vivi
982 2638 1258 2690 confessus
1299 2655 1368 2698 es,
1411 2636 1684 2688 aedificabo
1727 2636 2018 2688 Ecclesiam
2057 2656 2243 2689 meam.
2325 2637 2496 2707 Super

454 2709 728 2764 Christum
769 2713 930 2765 etiam
969 2712 1227 2774 aedificat,
1283 2711 1375 2779 qui
1415 2728 1510 2778 per
1551 2709 1893 2762 dilectionem
1931 2710 2033 2762 Dei
2073 2715 2127 2764 et
2167 2713 2404 2779 proximi
2443 2717 2496 2765 et

453 2804 546 2854 per
587 2786 986 2839 observantiam
1026 2786 1406 2838 mandatorum
1459 2784 1560 2836 Dei
1610 2784 1677 2835 ad
1730 2788 1931 2836 sortem
1972 2785 2266 2837 electorum
2306 2804 2495 2854 perve-

451 2859 567 2911 nire
608 2860 833 2914 festinat
861 2906 871 2915 .
903 2902 915 2913 .
946 2903 956 2914 .
1001 2861 1075 2913 Et
1119 2861 1215 2913 tibi
1254 2860 1388 2912 dabo
1428 2860 1597 2911 claves
1635 2859 1786 2925 reyni
1814 2859 2067 2911 coelorum
2099 2900 2108 2910 .
2141 2902 2149 2911 .
2183 2900 2194 2911 .
2237 2859 2364 2922 Quae
2387 2861 2495 2912 cla-

452 2952 540 2987 ves
581 2934 781 2987 idcirco
822 2937 871 2988 b.
913 2935 1076 2988 Petro
1117 2934 1415 3004 Apost010,
1458 2933 1551 3002 qui
1603 2933 1808 3001 potiori
1858 2933 2186 2985 confessioni
2236 2952 2347 3002 prae
2395 2952 2494 2987 cae-

453 3009 583 3060 teris
624 3027 802 3080 regem
844 3010 1102 3062 coelorum
1143 3009 1418 3062 confessus
1458 3026 1538 3063 es,
1596 3007 1902 3076 specialiter
1955 3012 2085 3061 sunt
2139 3007 2379 3072 collatae,
2434 3013 2495 3061 ut

457 3087 750 3147 constar,et
793 3086 918 3154 quia
957 3086 1158 3154 absque
1198 3103 1258 3136 ea
1299 3082 1635 3136 confessione
1674 3085 1728 3135 et
1766 3081 1887 3143 fide,
1930 3100 2035 3150 qua
2074 3081 2189 3150 ipse
2219 3081 2494 3136 Christum

453 3155 764 3221 declaravit,
806 3178 1036 3230 regnum
1057 3160 1314 3212 coelorum
1352 3157 1536 3210 nullus
1577 3160 1759 3225 posset
1798 3155 2019 3208 intrare.
2100 3155 2175 3207 Et
2231 3158 2493 3241 qetodcim-

456 3247 553 3297 que
592 3231 884 3298 liyaveris.
959 3233 1142 3287 Haec
1181 3232 1428 3287 solvendi
1476 3237 1641 3300 atque
1679 3229 1885 3301 ligandi
1928 3234 2193 3298 potestaS,
2249 3231 2492 3299 quamvis

454 3304 558 3357 soli
597 3304 759 3359 Petro
799 3326 831 3359 a
863 3307 1100 3361 Domino
1142 3308 1341 3362 collata
1379 3323 1491 3358 esse
1546 3305 1806 3367 videatur,
1860 3303 2108 3357 omnibus
2148 3323 2362 3374 quoque
2399 3323 2492 3376 ge—

453 3379 711 3431 neraliter
751 3379 1032 3449 Apostolis
1084 3385 1182 3436 sub
1233 3384 1346 3452 ejus
1385 3398 1615 3449 persona
1656 3378 1854 3432 collata
1893 3383 1990 3431 est.
2070 3377 2210 3431 Nam
2262 3383 2316 3432 et
2366 3382 2494 3448 post

453 3471 563 3506 suae
602 3455 1014 3508 resurrectionis
1072 3457 1308 3510 nobilem
1361 3454 1700 3523 triumphum
1751 3471 2017 3521 apparens
2075 3453 2185 3505 illis
2245 3453 2491 3506 omnibus

453 3532 641 3596 aperte
680 3527 843 3582 dixit:
890 3529 1122 3594 Quorum
1147 3531 1462 3584 remiseritis
1488 3569 1499 3580 .
1532 3573 1542 3582 .
1574 3568 1585 3579 .
1627 3545 1753 3580 nam
1804 3526 1945 3580 sicut
2002 3526 2359 3598 interrogatis
2397 3544 2491 3597 ge-

454 3602 712 3656 neraliter
752 3602 1019 3667 omnibus,
1063 3603 1252 3658 Petrus
1292 3602 1587 3672 respondet
1623 3619 1723 3670 pro
1764 3600 2040 3665 omnibu8‚
2101 3601 2178 3654 ita
2237 3603 2290 3654 et
2346 3599 2489 3670 quod

455 3674 721 3731 Dominus
761 3675 923 3731 Petro
963 3679 1285 3748 respondet,
1344 3678 1403 3730 in
1451 3675 1617 3730 Petro
1676 3674 1924 3728 omnibus
1963 3675 2271 3745 respondet.
2348 3673 2491 3738 Quin
