2722 4146
426 289 496 348 78

1069 435 1400 503 Concilium
1450 436 1811 505 Basileense.

573 589 678 644 An.
746 594 879 644 1431
942 589 1031 641 vix
1090 589 1389 659 incoeperat
1446 590 1764 656 concilium,
1832 592 1977 661 quod
2034 590 2313 663 Eugenius
2356 590 2463 647 -IV.

424 665 661 719 decrevit
699 664 963 734 Legatum
1002 669 1368 728 revocare,.et
1406 665 1512 718 alio
1554 665 1844 718 concilium
1882 667 2197 719 transferre.
2277 667 2467 721 Patres

425 739 757 792 Basileenses
798 742 1086 808 negarunt,
1138 738 1460 792 Pontificem
1510 758 1667 809 posse
1721 739 2013 794 dissolvere
2066 741 2371 806 concilium,
2413 746 2470 795 et

424 815 661 867 sessione
698 813 768 865 II.
829 813 1044 866 decreta
1101 813 1357 866 sessionis
1415 818 1624 883 quartae
1682 818 1738 867 et
1788 815 1992 884 quintae
2032 815 2467 870 Constantiensis

424 887 649 941 Concilii
687 890 1037 940 renovarunt.
1118 887 1315 940 Eadem
1356 887 1570 942 decreta
1621 888 1856 942 sessione
1907 889 2007 942 III.
2060 890 2357 956 renovavit,
2413 894 2469 943 et

422 963 619 1016 iterum
658 962 892 1014 sessione
932 961 1054 1017 XII.

571 1036 848 1107 Eugenius
887 1035 981 1089 IV.
1037 1054 1134 1105 per
1187 1035 1575 1105 Imperatorem
1623 1036 1772 1090 misit
1824 1037 1892 1090 ad
1945 1036 2245 1091 Concilium
2297 1038 2468 1091 Breve

421 1111 470 1163 d.
512 1111 561 1163 d.
610 1121 653 1163 l.
695 1110 933 1181 Augusti
973 1130 1058 1163 an.
1110 1116 1264 1175 1433,
1306 1111 1364 1162 111
1405 1130 1511 1180 quo
1551 1112 1933 1181 profitebatur,
1975 1131 2029 1165 se
2069 1113 2204 1165 velle
2244 1117 2298 1166 et
2339 1132 2467 1166 con-

423 1189 631 1238 tentum
673 1203 784 1238 esse
824 1185 1114 1254 praefatum
1150 1185 1401 1255 generale
1459 1185 1759 1238 Concilium
1810 1185 2116 1239 Basileense
2155 1206 2186 1238 a
2224 1191 2468 1256 tempore

423 1259 787 1313 inchoationis
838 1278 946 1312 suae
999 1259 1379 1313 continuatum
1432 1260 1597 1312 fuisse
1646 1264 1701 1313 et
1753 1278 1866 1313 esse
1923 1261 2467 1331 prosecutionemque

422 1353 629 1403 semper
687 1334 938 1386 habuisse
995 1340 1049 1387 et
1106 1334 1434 1399 continuari,
1493 1335 2036 1404 prosecutionemque
2093 1335 2160 1388 ad
2208 1336 2467 1404 praedicta

421 1409 614 1461 habere
654 1409 860 1473 debere,
920 1408 1145 1477 perinde
1185 1427 1246 1461 ac
1285 1409 1330 1461 si
1387 1409 1540 1461 nulla
1598 1410 1969 1474 commutatiO,
2028 1410 2315 1463 translatio
2375 1429 2466 1463 seu

422 1483 706 1536 dissolutio
747 1484 890 1536 facta
928 1483 1138 1548 fuisset,
1181 1483 1423 1552 quinimo
1451 1483 1735 1553 praefatam
1765 1484 2257 1548 commutationem,
2286 1488 2466 1537 trans—

422 1558 679 1610 lationem
719 1576 812 1610 seu
838 1557 1251 1610 dissolutionem
1278 1562 1610 1622 revocantes,
1638 1558 1815 1627 ipsum
1836 1558 2138 1611 Concilium
2164 1558 2468 1611 Basileense

422 1651 571 1701 pure,
614 1632 933 1701 simpliciter
975 1650 1095 1684 cum
1133 1633 1330 1685 affectu
1370 1651 1431 1685 ac
1471 1633 1619 1685 omni
1658 1632 1923 1686 charitate
1961 1633 2338 1702 amplectimur
2365 1652 2465 1702 pro

423 1707 734 1775 viribusque
774 1706 909 1758 illud
948 1725 1266 1775 promovere
1305 1725 1365 1759 ac
1406 1707 1554 1759 omni
1594 1707 1778 1759 favore
1823 1707 2078 1776 prosequi
2105 1707 2463 1770 intendimus3

422 1781 500 1834 ita
540 1785 719 1834 tamen
759 1780 902 1850 quod
942 1780 1291 1849 praesidentes
1331 1781 1507 1834 nostri
1544 1781 1610 1833 ad
1650 1781 1866 1850 praefati
1906 1780 2132 1833 Concilii
2172 1782 2466 1850 praesiden-

423 1856 555 1908 tiam
573 1853 934 1908 admit-tantur
956 1873 1076 1907 cum
1096 1855 1310 1920 affectn,
1333 1859 1388 1908 et
1414 1859 1475 1908 ut
1497 1856 1677 1908 omnia
1700 1860 1892 1908 contra
1916 1856 2298 1909 auctoritatem
2326 1856 2465 1908 sedis

426 1929 757 1999 Apostolicae
797 1930 940 1982 facta
979 1933 1321 1982 revocentur.

570 2004 758 2057 Patres
798 2023 910 2057 non
950 2004 1195 2057 contenti
1246 2003 1422 2079 Bulla,
1478 2021 1597 2073 quae
1649 2007 1958 2087 presentata
2005 2004 2183 2056 fuerat
2222 2022 2316 2073 per
2356 2004 2463 2057 Im-

424 2083 729 2147 peratorem
779 2079 864 2131 die
927 2083 1005 2131 12
1049 2077 1300 2131 Octobris
1350 2078 1613 2142 1433,111
1666 2079 1903 2130 sessione
1941 2078 2088 2131 XIV.
2141 2078 2226 2131 die
2273 2083 2464 2132 octavo

425 2153 549 2206 [dus
590 2152 913 2206 Novembris
962 2159 1098 2205 1433
1159 2119 1521 2206 substantiam
1579 2153 1853 2221 praedictae
1910 2152 2083 2205 Bullae
2138 2153 2461 2207 retinentes·

424 2228 695 2296 triplicem
734 2228 979 2291 formam,
1021 2246 1126 2296 qua
1165 2227 1442 2297 Eugenius
1480 2226 1576 2280 IV.
1637 2227 1867 2279 concilio
1919 2227 2191 2279 adhaerere
2229 2227 2462 2292 deberet,

424 2302 687 2356 miserunt
725 2302 790 2354 ad
830 2301 1137 2371 Eugenium
1176 2300 1271 2354 IV.
1314 2301 1545 2370 septimo
1584 2301 1710 2353 Idus
1751 2299 2072 2354 Novembris
2118 2307 2273 2354 1433.

571 2376 817 2430 Sessione
865 2376 1012 2430 XVI.
1071 2376 1216 2428 facta
1273 2375 1643 2428 reconciliatio
1698 2376 1843 2428 inter
1901 2375 2205 2444 Eugenium
2255 2373 2350 2429 IV.
2411 2379 2467 2429 et

424 2448 612 2503 Patres
651 2450 999 2503 BasileenseS.
1078 2450 1144 2503 In
1182 2450 1356 2503 literis
1395 2451 1506 2503 suis
1547 2450 1823 2515 Eugenius
1863 2449 1958 2503 IV.
1998 2450 2075 2502 ita
2114 2450 2462 2519 loquebatur:

429 2525 541 2576 «De
581 2525 807 2578 consilio
849 2528 903 2578 et
941 2543 1162 2576 assensu
1203 2564 1214 2576 .
1260 2567 1269 2578 .
1314 2564 1325 2576 .
1381 2523 1746 2576 Cardinalium
1801 2524 2134 2577 decernimus
2188 2528 2242 2578 et
2289 2525 2463 2577 decla-

424 2618 621 2662 ramus,
662 2599 950 2667 praefatum
989 2598 1239 2668 generale
1280 2597 1579 2649 Concilium
1620 2597 1926 2650 Basileense
1963 2617 1994 2650 a
2032 2603 2275 2667 tempore
2325 2617 2464 2668 prae-

423 2673 582 2726 dictae
621 2672 989 2725 inchoationis
1025 2689 1135 2724 suae
1174 2671 1413 2740 legitime
1453 2670 1834 2723 continuatum
1873 2671 2037 2724 fuisse
2075 2676 2130 2725 et
2168 2691 2294 2737 esse,
2337 2692 2467 2742 pro-

422 2748 858 2816 secutionemque
915 2764 1122 2815 semper
1179 2745 1452 2809 habuisse,
1525 2744 1835 2797 continuari
1902 2763 1963 2797 ac
2031 2746 2462 2813 prosecutionem

423 2822 617 2874 habere
669 2822 858 2875 debere
907 2820 974 2873 ad
1025 2819 1284 2889 praedicta
1335 2823 1389 2872 et
1426 2818 1759 2888 pertinentia
1809 2818 1875 2870 ad
1914 2837 1991 2883 ea,
2043 2820 2267 2887 perinde
2316 2838 2378 2872 ac
2418 2821 2463 2872 si

423 2897 576 2948 nulla
613 2895 898 2949 dissolutio
939 2895 1084 2947 facta
1122 2894 1329 2947 fuisset.
1420 2893 1671 2955 Quinimo
1725 2892 2005 2961 praefatam
2051 2893 2462 2947 dissolutionem

424 2970 635 3024 irritam
674 2974 728 3023 et
766 2970 979 3023 inanem
1018 2969 1082 3021 de
1122 2967 1350 3021 consilio
1379 2971 1435 3020 et
1460 2986 1679 3020 assensu
1707 2966 1870 3019 simili
1898 2967 2244 3031 declaramUS,
2285 2967 2462 3038 ipsum

423 3063 635 3097 sacrum
684 3044 933 3116 generale
985 3042 1281 3096 Concilium
1332 3041 1637 3094 Basileense
1676 3059 1826 3110 pure,
1877 3041 2196 3110 simpliciter
2249 3046 2303 3095 et
2342 3061 2461 3096 cum

423 3119 619 3172 affectu
657 3137 719 3172 ac
757 3119 902 3172 omni
946 3117 1232 3171 devotione
1271 3119 1326 3169 et
1361 3116 1545 3168 favore
1583 3114 1957 3185 prosequimur
1995 3119 2052 3168 et
2083 3117 2337 3185 prosequi
2376 3118 2462 3169 in—

425 3192 710 3246 tendimus.
723 3213 747 3241 »
827 3193 1033 3246 Deinde
1071 3192 1203 3244 duas
1256 3190 1443 3244 literas
1494 3190 1870 3244 Inscrutabilis
1906 3193 1962 3243 et
1999 3189 2064 3243 In
2106 3207 2316 3257 arcano,
2364 3209 2461 3244 nec

426 3284 539 3319 non
579 3271 635 3319 et
671 3267 832 3319 aliam
871 3267 1018 3321 Deus
1054 3267 1212 3331 novit,
1253 3283 1412 3335 quam
1452 3268 1514 3317 ut
1563 3282 1714 3317 suam
1765 3282 1877 3316 non
1929 3265 2178 3348 agnoscit
2223 3268 2279 3318 et
2327 3265 2459 3318 alias

426 3357 770 3411 quascunque
829 3345 883 3394 et
939 3339 1200 3410 quidquid
1258 3357 1352 3409 per
1407 3357 1507 3392 nos
1564 3342 1660 3392 aut
1704 3342 1894 3391 nostro
1954 3339 2167 3391 nomine
2223 3339 2279 3391 in
2320 3358 2459 3409 prae-

419 3414 685 3485 judicium
723 3418 818 3467 aut
842 3415 1247 3484 derogationem
1272 3412 1518 3483 praedicti
1546 3412 1777 3466 Concilii
1804 3410 2125 3466 Basileensis
2150 3431 2242 3466 seu
2269 3417 2460 3467 contra

425 3491 539 3559 ejus
577 3489 960 3558 auctoritatem
998 3489 1201 3541 factum
1239 3492 1295 3541 et
1333 3490 1680 3552 attentatum,
1718 3504 1809 3540 seu
1847 3490 2109 3540 assertum
2143 3490 2241 3551 est,
2283 3505 2458 3540 cassa-

426 3582 563 3629 mus,
602 3580 931 3627 revocamus,
970 3562 1245 3616 irritamus
1284 3566 1341 3616 et
1376 3561 1735 3627 annullamus,
1774 3560 1953 3613 nullas
1992 3565 2047 3615 et
2072 3561 2256 3615 irritas
2291 3561 2458 3615 fuisse

427 3642 483 3691 et
521 3655 634 3691 esse
671 3637 1017 3690 declaramus,

573 3711 642 3766 In
666 3711 842 3766 literis
866 3710 1017 3766 Deus
1040 3711 1195 3776 novit,
1225 3728 1356 3780 quas
1388 3729 1420 3763 3
1439 3728 1495 3764 se
1515 3712 1784 3764 emanatas
1804 3708 2024 3779 negavit
2044 3707 2320 3780 Eugenius
2339 3705 2454 3775 IV.,
