2722 4146
542 289 613 346 96

542 440 790 502 debeant,
830 435 1155 509 respondet.
1204 435 1335 492 licet
1371 434 1518 508 Papa
1556 442 1620 493 ut
1655 436 1869 510 privata
1907 455 2139 510 persona
2178 454 2358 493 errare
2395 436 2586 525 possit,

541 519 723 568 tamen
773 513 919 583 Papa
977 516 1135 565 utens
1197 512 1425 566 concilio
1485 516 1540 566 et
1596 515 1878 584 requirens
1937 514 2268 584 adjutorium
2325 515 2589 568 universae

542 588 795 642 Ecclesiae
836 605 1017 640 errare
1066 605 1178 639 non
1219 589 1418 656 potest.
1498 587 1646 658 Ergo
1698 588 1845 658 Papa
1897 589 2124 658 loquens
2177 592 2240 642 ut
2277 587 2452 658 Papa,
2507 593 2588 642 est

541 663 687 747 Papa
726 666 884 715 utens
913 660 1143 714 concilio
1185 665 1240 714 et
1278 661 1559 730 requirens
1575 631 1930 732 0adjutorium
1969 662 2291 715 universalis
2319 662 2585 716 Ecclesiae.

541 737 615 790 Et
653 738 709 788 111
748 737 856 788 0110
897 735 1016 788 1000
1057 734 1404 788 definitiones
1445 735 1601 788 factae
1640 756 1671 789 a
1708 736 1856 806 Papa
1895 741 1958 790 ut
1985 737 2133 807 Papa
2172 736 2278 806 ipsi
2313 741 2442 790 sunt
2481 737 2589 789 illae

542 811 886 863 definitiones
915 809 1210 873 catholicae,
1242 809 1397 862 factae
1423 829 1518 879 per
1545 810 1856 875 Ecclesiam,
1898 815 1952 865 et
1980 830 2074 881 per
2101 830 2368 864 summum
2394 810 2588 864 Ponti-

546 886 724 938 ficem:
767 887 897 936 sunt
939 883 1419 937 determinationes
1459 884 1620 954 Papae
1671 889 1992 955 acceptatae,
2045 886 2364 939 examinatae
2405 892 2459 938 et
2496 885 2589 937 ad-

542 960 781 1028 probatae
822 959 888 1010 ab
929 958 1182 1011 universa
1220 958 1477 1013 Ecclesia.

692 1032 837 1085 Illud
877 1032 1041 1085 etiam
1081 1036 1261 1101 patet,
1318 1036 1584 1102 quantum
1631 1035 1840 1087 abesset
1893 1032 1944 1088 S.
1987 1032 2303 1087 Antoninus
2358 1034 2422 1086 ab
2479 1033 2589 1085 illis

539 1107 838 1159 humilibus
877 1106 1042 1170 ideis,
1095 1125 1214 1175 quae
1265 1107 1553 1160 essentiam
1604 1108 1938 1162 definitionis
1997 1127 2059 1160 ex
2120 1108 2373 1160 cathedra
2423 1109 2479 1159 in
2527 1126 2588 1160 eo

541 1182 917 1245 constituunt,
972 1185 1032 1233 ut
1085 1180 1343 1234 Pontifex
1401 1183 1659 1252 loquatur
1714 1183 1776 1235 ad
1830 1183 2135 1235 universam
2185 1182 2479 1235 Ecclesiam
2526 1182 2589 1234 de

541 1256 668 1319 fide,
724 1256 808 1308 vel
849 1255 912 1307 de
949 1255 1218 1320 moribus,
1267 1256 1474 1309 adiecta
1512 1275 1669 1326 poena
1709 1260 1901 1310 contra
1949 1257 2258 1326 oppositum
2309 1260 2587 1318 tenentes3

541 1349 661 1383 cum
700 1330 814 1398 ipse
853 1330 912 1381 in
950 1330 1053 1382 hoc
1093 1330 1487 1399 sapientissime
1528 1331 1815 1384 essentiam
1855 1330 2190 1384 definitionis
2232 1349 2296 1382 ex
2337 1329 2589 1383 cathedra

542 1405 860 1467 constituat,
904 1404 1048 1473 quod
1087 1403 1344 1457 Pontifex
1385 1424 1448 1458 ex
1501 1406 1756 1458 cathedra
1794 1406 2038 1474 loquens,
2088 1406 2172 1456 vel
2212 1404 2467 1458 Pontifex
2506 1405 2588 1457 lo-

540 1498 709 1549 quens
752 1483 813 1532 ut
852 1478 1015 1547 Papa,
1073 1479 1145 1532 sit
1197 1478 1454 1532 Pontifex
1501 1480 1594 1550 qui
1647 1480 1967 1534 universalis
2006 1478 2279 1533 Ecclesiae
2330 1480 2490 1546 fidem
2541 1483 2590 1531 et

542 1555 839 1607 doctrinam
879 1553 1160 1619 exprimat.

691 1628 763 1680 Et
801 1631 981 1680 tamen
1022 1626 1074 1680 S.
1116 1625 1433 1680 Antoninus
1473 1627 1573 1682 111.
1628 1632 1800 1698 parte,
1852 1628 1942 1682 tit.
1985 1630 2071 1681 23.
2125 1646 2167 1680 0.
2213 1631 2258 1680 3.
2307 1626 2400 1680 ubi
2441 1625 2587 1690 dicit,

543 1701 747 1772 Papam
786 1702 843 1754 in
885 1705 1099 1756 tantum
1137 1720 1250 1754 non
1288 1721 1446 1771 posse
1486 1720 1683 1766 errare,
1724 1703 1782 1754 in
1824 1706 2087 1772 quantum
2127 1702 2303 1755 utitur
2344 1701 2587 1754 Concilio

541 1781 596 1829 et
634 1777 866 1845 requirit
904 1776 1235 1846 adjutorium
1277 1776 1598 1829 universalis
1637 1777 1907 1839 Ecclesiae,
1951 1777 2106 1830 docet
2145 1795 2178 1828 α
2215 1776 2365 1828 Rom.
2397 1775 2589 1827 Ponti-

537 1852 634 1917 ftce
671 1869 774 1903 ozon
815 1851 971 1903 licere
1026 1851 1298 1917 appellare
1338 1852 1409 1903 ad
1447 1852 1688 1919 ycncrcclc
1732 1851 2027 1905 Concilium
2083 1850 2242 1919 «quia
2281 1850 2455 1918 Papa,
2510 1850 2586 1902 ait

541 1926 633 1990 ibi,
676 1925 822 1978 omni
851 1924 1092 1978 Concilio
1134 1926 1379 1994 superior
1419 1930 1515 1990 est,
1557 1944 1654 1978 nec
1682 1927 1847 1978 robur
1876 1925 2053 1988 habet,
2096 1924 2358 1993 quidquid
2385 1924 2585 1994 agitur,

542 2000 649 2052 nisi
687 2000 1015 2052 auctoritate
1043 1999 1196 2052 Rom.
1228 1999 1506 2052 Pontificis
1532 2001 1820 2052 roboretur
1861 2004 1914 2052 et
1942 2000 2311 2052 confirmetur.
2373 1996 2587 2050 Sentire

541 2092 689 2144 ergo,
732 2073 875 2143 quod
914 2074 979 2126 ad
1020 2074 1317 2126 Concilium
1357 2093 1387 2126 a
1427 2074 1573 2142 Papa
1611 2074 1875 2143 appellari
1913 2073 2111 2143 possit,
2155 2077 2235 2125 est
2275 2073 2586 2125 haereticum

542 2152 596 2200 et
637 2154 830 2201 contra
870 2148 1027 2200 illum
1065 2149 1384 2201 articulum:
1429 2148 1677 2201 Scmctam
1718 2147 2013 2201 Ecclesiam
2053 2147 2424 2209 catleolicctm»;
2468 2164 2586 2215 quae

541 2223 706 2274 verba
744 2241 854 2274 non
896 2222 1207 2292 significant
1246 2223 1408 2274 unius
1436 2222 1589 2276 Rom.
1620 2222 1903 2275 Pontificis
1943 2222 2280 2291 personalem
2319 2223 2373 2272 et
2412 2239 2442 2272 a
2468 2225 2587 2273 tota

541 2296 780 2349 Ecclesia
830 2297 1279 2366 independentem
1326 2315 1653 2365 supremam,
1713 2297 2188 2359 irreformabilem,
2242 2294 2585 2346 infallibilem

540 2373 922 2424 auctoritatem
963 2371 1040 2424 ita
1079 2375 1144 2424 ut
1180 2371 1429 2424 universa
1470 2371 1712 2424 Ecclesia
1750 2371 1807 2422 in
1866 2375 2083 2424 tantum
2140 2371 2212 2423 sit
2262 2369 2582 2432 infallibilis,

541 2445 598 2496 111
657 2450 922 2514 quantum
973 2445 1077 2498 hoc
1136 2445 1400 2497 charisma
1453 2446 1662 2498 derivat
1713 2464 1744 2498 a
1794 2445 2090 2508 Pontifice,
2144 2463 2239 2514 per
2289 2462 2481 2512 puram
2532 2447 2586 2495 et

544 2537 740 2571 coecam
800 2519 1187 2572 obedientiam:
1249 2537 1369 2571 cum
1427 2523 1490 2572 ut
1553 2538 1717 2588 supra
1775 2519 2107 2572 ostendimus
2167 2517 2219 2571 S.
2272 2517 2585 2570 Antoninus

542 2593 851 2661 oppositum
891 2593 1096 2656 doceat,
1138 2597 1193 2645 et
1232 2611 1294 2644 ex
1334 2592 1728 2645 infallibilitate
1768 2593 2049 2657 Ecclesiae,
2091 2592 2216 2662 quia
2255 2591 2584 2660 impossibile

542 2671 640 2730 cst,
681 2666 976 2718 Ecclesiam
1015 2667 1320 2718 universam
1359 2667 1714 2736 gubernatam
1772 2686 1802 2718 a
1842 2665 2051 2734 Spiritu
2104 2672 2291 2719 sancto
2344 2665 2584 2734 accipere

541 2744 602 2793 ut
644 2740 987 2803 catholicum,
1029 2740 1172 2809 quod
1211 2743 1294 2792 est
1331 2758 1633 2803 erroneum,
1687 2739 1892 2792 derivet
1933 2740 2384 2792 infallibilitatem
2424 2739 2578 2790 Rom.

542 2814 842 2879 PontificiS,
903 2814 996 2884 qui
1056 2815 1231 2867 utitur
1283 2814 1511 2867 concilio
1553 2817 1608 2866 et
1655 2812 1888 2883 requirit
1937 2813 2267 2882 adjutorium
2320 2812 2582 2864 universae

542 2888 818 2953 Ecclesiae,
885 2888 977 2958 qui
1034 2888 1089 2940 in
1143 2906 1198 2940 se
1251 2888 1506 2957 exprimit
1555 2886 1871 2941 universalis
1929 2887 2180 2939 Ecclesiae
2237 2886 2579 2939 sententiam.

543 2961 645 3015 Sed
684 2981 848 3032 supra
886 2964 1051 3016 allata
1090 2963 1251 3015 verba
1290 2962 1435 3015 hunc
1485 2961 1686 3016 habent
1733 2977 1971 3015 sensum:
2031 2979 2062 3014 a
2100 2960 2254 3014 Rom.
2296 2959 2578 3024 Pontifiee,

541 3037 634 3105 qui
673 3037 850 3090 totius
877 3037 1132 3090 Ecclesiae
1172 3040 1256 3090 est
1293 3038 1471 3105 caput,
1512 3055 1624 3089 nou
1652 3037 1779 3090 licet
1803 3035 2077 3104 appellare
2104 3053 2202 3087 nec
2228 3034 2293 3087 ad
2332 3034 2581 3104 generale

543 3111 858 3164 concilium:
907 3113 964 3166 1⁰
1003 3111 1129 3182 quia
1166 3109 1470 3164 Concilium
1508 3110 1740 3163 divisum
1775 3128 1806 3162 a
1844 3108 2109 3162 Pontifice
2158 3127 2270 3162 non
2320 3111 2403 3162 est
2453 3126 2582 3161 con-

544 3185 752 3247 cilium3
796 3186 859 3238 2⁰
898 3185 1024 3255 quia
1051 3184 1352 3239 Concilium
1392 3202 1504 3237 non
1543 3185 1710 3238 efficit
1748 3183 2007 3247 tribunal,
2048 3203 2079 3235 a
2117 3182 2380 3237 tribunali
2421 3182 2576 3236 Rom.

542 3256 827 3312 Pontificis
877 3260 1174 3325 diversum,
1230 3258 1320 3312 sed
1359 3277 1527 3311 unum
1579 3262 1634 3312 et
1683 3258 1850 3322 idem,
1909 3257 2034 3326 quia
2081 3257 2268 3311 Patres
2326 3257 2578 3325 membra,

542 3329 698 3383 Rom.
727 3331 983 3386 Pontifex
1010 3338 1172 3403 caput
1200 3333 1546 3387 constituunt
1574 3351 1737 3387 unam
1775 3335 1830 3386 et
1856 3331 2238 3385 indivisibilem
2263 3330 2576 3398 Ecclesiam,

543 3423 711 3458 unum
750 3424 945 3475 corpus
982 3407 1268 3476 mysticum
1308 3406 1438 3461 Jesu
1477 3406 1710 3472 Christi,
1761 3424 1922 3460 unam
1971 3425 2256 3474 personam
2302 3404 2577 3472 moralem,

543 3497 715 3532 unum
766 3482 820 3532 et
870 3480 1196 3535 indivisibile
1250 3480 1650 3552 magisterium,
1704 3484 1758 3535 et
1801 3479 2095 3548 judicium,
2154 3481 2214 3533 3⁰
2253 3479 2379 3549 quia
2418 3478 2574 3534 Rom.

543 3551 798 3606 Pontifex
854 3553 1018 3609 habet
1071 3559 1398 3624 potestatem
1460 3574 1620 3640 super
1673 3553 1945 3619 Concili0,
2019 3553 2144 3624 quia
2199 3556 2361 3624 caput
2413 3552 2574 3608 habet

544 3630 871 3697 potestatem
927 3646 1087 3697 super
1143 3631 1409 3696 membra,
1468 3629 1593 3700 quia
1648 3629 1714 3683 ad
1778 3628 1955 3698 ipsum
2011 3631 2218 3698 spectat
2276 3626 2573 3680 Concilium

545 3719 856 3769 convocare,
882 3701 1131 3775 dirigere,
1174 3704 1510 3770 confirmare,
1549 3703 1840 3758 dissolvere
1865 3705 1965 3756 etc.
2006 3703 2070 3756 4⁰
2096 3701 2249 3766 Quod
2274 3700 2320 3755 si
2346 3701 2573 3772 quaestio

2679 4027 2722 4146 ffl-hffm
2715 3989 2722 3994 .
2704 3947 2722 3973 ’.ιι
