2612 4062
434 225 540 279 282

437 371 735 424 Primatum
787 368 1087 440 magisterii
1136 372 1190 422 et
1231 368 1628 438 jurisdictionis
1669 368 1728 422 in
1768 367 1986 423 Summo
2025 367 2290 421 Pontifice
2330 367 2478 422 ultro

435 449 757 516 agnoscunt,
788 461 1018 513 quorum
1057 443 1229 512 pietas
1269 448 1323 496 et
1349 443 1655 497 obedientia
1693 462 1821 515 erga
1850 442 1902 496 S.
1932 442 2119 496 Sedem
2158 442 2308 495 nullo
2337 446 2482 495 certe

437 524 678 589 tempore
716 520 887 586 major
942 517 1071 582 fuit,
1123 518 1280 570 corde
1319 518 1676 571 turbarentur
1715 519 1885 590 magis
1926 535 2086 588 quam
2124 516 2478 586 erigerentur,

433 613 494 647 ac
548 594 592 646 si
651 611 795 645 nunc
845 592 1055 644 demum
1108 592 1522 645 fundamentum
1575 592 1825 645 ecclesiae
1879 596 1932 645 et
1986 609 2142 643 verae
2200 590 2480 643 doctrinae

435 667 815 721 stabiliendum
868 666 964 727 sit;
1020 666 1262 718 infideles
1314 685 1440 719 vero
1493 685 1756 719 novarum
1804 665 2192 719 calumniarum
2240 668 2294 718 et
2338 664 2480 716 deri-

435 742 648 795 sionum
724 741 1002 794 materiam
1066 741 1425 793 lucrarentur.
1529 739 1717 810 Neque
1780 741 1998 803 desunt,
2065 739 2157 808 qui
2220 738 2480 808 ejusmodi

434 815 804 868 definitionem
854 815 1028 885 logice
1077 815 1467 884 impossibilem
1518 818 1718 868 vocant
1767 819 1821 869 et
1868 815 1934 867 ad
1986 814 2158 883 ipsam
2205 813 2481 866 ecclesiam

434 893 760 960 provocant,
815 908 950 958 quae
998 889 1062 941 ad
1104 890 1279 942 instar
1319 890 1448 942 solis
1490 890 1831 958 splendorem
1868 889 2003 942 lucis
2043 906 2169 941 suae
2207 890 2479 940 monstrat

435 965 676 1034 quidem,
731 964 821 1016 sed
860 983 970 1015 non
1011 964 1218 1017 definit.
1298 963 1430 1017 Jure
1469 963 1698 1033 denique
1739 963 2047 1034 quaeritur,
2091 962 2175 1014 cui
2215 961 2335 1014 usui
2374 961 2480 1014 ista

433 1038 678 1091 definitio
725 1039 895 1101 foret,
958 1038 1020 1090 de
1075 1040 1224 1108 cujus
1276 1057 1465 1102 senSU,
1527 1038 1684 1091 modo
1744 1043 1798 1090 et
1849 1038 2055 1090 ambitu
2103 1036 2282 1105 ampla
2334 1035 2479 1088 inter

435 1114 722 1183 theologos
763 1112 1131 1166 controversia
1170 1117 1266 1165 est.

583 1186 844 1240 Similiter
902 1187 1053 1239 nulla
1106 1188 1248 1240 ratio
1312 1205 1528 1256 poscere
1577 1187 1813 1250 videtur,
1869 1190 1930 1239 ut
1981 1185 2045 1237 de
2095 1183 2481 1252 Assumptione

434 1262 494 1315 B.
537 1261 739 1314 Mariae
782 1261 1026 1332 Virginis
1078 1262 1253 1331 quoad
1306 1280 1526 1331 corpus,
1583 1261 1647 1313 sle
1696 1264 1842 1314 statu
1892 1278 2057 1329 purae
2107 1262 2360 1321 naturae,
2416 1257 2478 1309 de

431 1337 643 1390 ratione
702 1340 755 1389 et
812 1336 970 1388 modo
1033 1336 1357 1388 auxiliorum
1408 1337 1643 1407 gratiae,
1702 1335 1766 1387 de
1818 1335 1977 1388 modo
2033 1352 2138 1403 quo
2190 1331 2369 1385 anima
2420 1331 2478 1384 in

434 1429 658 1480 corpore
706 1418 994 1479 operatur,
1054 1411 1280 1480 aliisque
1331 1410 1594 1463 doctrinis
1647 1410 1874 1462 ulterior
1916 1408 2161 1461 definitio
2203 1405 2477 1475 synodalis

433 1486 529 1538 fiat
588 1489 800 1554 praeter
860 1504 954 1549 ea,
1015 1503 1148 1555 quae
1194 1487 1305 1552 jam
1355 1505 1384 1537 a
1435 1483 1698 1548 coneiliiS,
1758 1483 2078 1553 praesertim
2135 1480 2476 1545 TridentinO,

435 1560 706 1612 declarata
747 1560 874 1622 sint,
918 1560 1107 1612 ceteris
1146 1559 1212 1611 ad
1252 1560 1581 1630 theologiam
1622 1559 1874 1611 remissis.

584 1634 736 1696 Quod
776 1634 1006 1703 denique
1046 1634 1111 1686 ad
1152 1634 1321 1686 libros
1351 1634 1515 1686 falsos
1544 1637 1597 1686 et
1625 1633 1961 1702 perniciosos
1989 1631 2205 1694 attinet,
2248 1648 2477 1699 quorum

434 1708 748 1778 dijudicatio
801 1713 855 1761 et
903 1709 1177 1761 damnatio
1231 1708 1531 1761 necessario
1591 1708 1656 1760 ad
1708 1707 2081 1778 magisterium
2132 1704 2383 1758 ecclesiae
2423 1708 2477 1757 et

439 1782 489 1836 S.
517 1782 665 1836 Sedis
706 1783 1000 1852 pertinent,
1042 1783 1232 1835 modus
1272 1782 1595 1852 procedendi
1635 1782 1926 1835 secundum
1966 1781 2243 1851 ingentem
2281 1779 2476 1832 molem

433 1857 728 1921 librorum,
784 1857 878 1926 qui
929 1857 1085 1909 hodie
1133 1858 1190 1909 in
1230 1858 1415 1926 lucem·
1443 1857 1701 1920 eduntur,
1751 1856 1831 1909 ita
1869 1855 2203 1925 adaptandus
2246 1853 2474 1916 videtur,

434 1936 496 1985 ut
560 1931 922 2002 Congregatio
988 1931 1198 1984 Jndicis
1260 1932 1594 1984 emendatam
1658 1931 2075 1984 instructionem
2133 1927 2363 1997 accipiat
2422 1930 2476 1980 et

433 2007 624 2059 saltem
663 2009 788 2058 ante
840 2006 1105 2075 judicium
1163 2006 1225 2058 de
1282 2007 1688 2075 periculositate
1741 2006 1967 2074 alicujus
2025 2003 2153 2056 libri
2210 2002 2479 2055 sententia

436 2080 861 2149 Episcoporum,
903 2081 962 2133 in
1001 2099 1232 2150 quorum
1272 2081 1581 2151 regionibns
1634 2080 1811 2133 editur
1852 2084 1906 2132 et
1944 2078 2285 2140 diffunditur,
2327 2076 2478 2146 prius

432 2154 764 2225 exquiratur.

1026 2306 1118 2364 II.
1172 2307 1247 2364 In
1294 2306 1467 2366 rebus
1516 2305 1884 2378 disciplinae.

557 2491 559 2494 -
584 2452 649 2506 A.
693 2451 1024 2506 Gravissima
1053 2453 1115 2505 de
1143 2452 1584 2506 matrimoniis
1612 2451 1885 2523 legislatio
1913 2456 2038 2505 ante
2066 2451 2247 2504 omnia
2277 2449 2479 2503 sollici-

435 2527 681 2581 tudinem
741 2527 964 2580 Patrum
1024 2526 1253 2579 Concilii
1311 2526 1650 2597 efflagitabit.
1748 2526 1923 2579 Dubio
1985 2530 2156 2590 caret,
2228 2523 2479 2577 ecclesiae

435 2601 739 2654 doctrinam
790 2602 856 2654 ab
896 2600 1181 2670 Apostolis
1221 2605 1275 2653 et
1314 2601 1433 2669 ipso
1472 2600 1601 2652 Jesu
1641 2599 1857 2653 Christo
1898 2605 2171 2669 acceptam
2210 2600 2274 2651 de
2311 2597 2480 2650 indis-

436 2676 656 2728 solubili
695 2675 935 2746 conjugii
977 2675 1211 2738 vincuIO,
1254 2675 1317 2727 de
1357 2678 1628 2744 potestate
1655 2674 1904 2726 ecclesiae
1931 2675 2071 2726 circa
2099 2672 2480 2743 impedimenta

437 2755 490 2803 et
541 2750 604 2802 de
637 2749 856 2820 judiciis
897 2749 1273 2802 ecelesiasticis
1311 2749 1574 2802 illibatam
1615 2766 1728 2801 esse
1767 2749 2082 2800 servandam
2123 2752 2176 2800 et
2215 2747 2479 2816 profiten-

437 2824 574 2877 dam.
656 2823 948 2877 Difficilius
998 2828 1177 2877 autem
1228 2823 1550 2887 suadentur,
1606 2841 1739 2892 quae
1789 2823 1845 2875 in
1886 2823 2259 2892 praesentibus
2299 2839 2479 2873 rerum

437 2899 726 2969 adjunctiS,
782 2899 988 2952 intuitu
1032 2898 1350 2967 praesertim
1390 2898 1597 2950 alienae
1636 2898 1719 2950 vel
1761 2897 2007 2949 inimicae
2047 2896 2221 2950 civilis
2262 2895 2479 2965 legisla-

437 2973 625 3037 tionis,
667 2973 726 3025 in
765 2973 1053 3042 disciplina
1093 2973 1342 3026 ecclesiae
1381 2975 1494 3025 siut
1532 2972 1834 3034 statuenda,
1878 2971 1961 3023 vel
2002 2972 2162 3024 etiam
2202 2969 2479 3023 mutanda.

595 3053 637 3100 1.
660 3047 724 3099 In
754 3047 1070 3117 quaestione
1091 3048 1154 3100 de
1175 3047 1510 3100 matrimonii
1531 3046 1909 3116 impedimento
1933 3045 1990 3098 cl
2007 3045 2335 3098 andestin
2353 3044 2368 3096 i
2384 3047 2478 3096 ta-

441 3121 538 3174 tis
574 3141 604 3173 a
632 3122 954 3175 Tridentina
982 3120 1200 3191 Synodo
1227 3121 1448 3174 inducto
1478 3121 1718 3174 diversae
1737 3119 1879 3188 apud
1906 3138 2004 3172 nos
2031 3124 2158 3173 sunt
2179 3118 2478 3188 opiniones,

441 3194 556 3247 Alii
594 3195 698 3248 hoc
736 3196 1178 3266 impedimentum
1218 3196 1380 3248 etiam
1421 3196 1476 3248 in
1517 3195 1702 3248 futuro
1745 3193 1968 3246 retineri
2008 3198 2232 3264 optant,
2273 3192 2379 3244 imo
2420 3191 2479 3243 in

441 3286 636 3338 genere
710 3270 776 3322 ad
854 3274 1031 3323 totum
1104 3271 1287 3323 orbem
1345 3270 1671 3323 catholicum
1734 3268 1983 3332 extendi,
2048 3287 2115 3321 ne
2177 3266 2478 3337 singulares

442 3343 783 3411 exceptiones
832 3345 1004 3414 legem
1053 3345 1356 3407 infirment,
1410 3349 1463 3398 et
1516 3349 1578 3397 ut
1616 3342 1796 3411 impiis
1838 3339 2083 3396 civilibus
2121 3338 2480 3394 matrimoniis

443 3417 578 3469 obex
617 3417 790 3470 ubivis
815 3417 952 3480 idem
982 3418 1284 3489 objiciatur.
1346 3417 1458 3471 Alii
1488 3421 1676 3472 contra
1702 3416 1971 3470 salubrius
1999 3417 2114 3470 fore
2147 3414 2476 3477 existimant,

444 3489 490 3543 si
529 3493 755 3559 propter
806 3510 1001 3562 magna
1058 3493 1381 3546 detrimenta
1431 3498 1485 3546 et
1533 3490 1874 3546 tristissimas
1915 3491 2153 3561 sequelas
2175 3530 2187 3552 ,
2241 3505 2376 3558 quae
2414 3504 2477 3539 ex

443 3582 588 3617 mere
627 3563 773 3616 civili
811 3569 974 3633 atque
1011 3566 1249 3621 invalido
1290 3567 1544 3638 conjugio
1586 3565 1866 3629 oriuntur,
1907 3565 1973 3618 ad
2015 3565 2250 3617 valorem
2288 3560 2476 3615 matri-

444 3637 615 3692 monii
662 3638 969 3708 praesentia
1018 3659 1130 3694 non
1180 3641 1350 3711 ipsius
1402 3639 1612 3712 proprii
1650 3638 1900 3710 parochi,
1953 3638 2045 3693 sed
2082 3637 2253 3693 trium
2289 3635 2478 3691 saltem
