2722 4146
2173 282 2241 344 35

203 432 403 492 diserte
443 431 851 507 proscripsisset
890 458 1002 492 non
1040 439 1274 506 tantum,
1315 435 1408 510 qui
1432 455 1597 492 unam
1621 434 1960 491 voluntatem
1987 437 2244 501 dicerent,

201 513 291 565 sed
331 513 424 581 qui
484 531 583 565 nec
622 531 786 564 unam
824 532 921 566 nec
961 515 1109 579 duaS,
1168 515 1364 568 horum
1420 516 1801 566 assectatorem
1853 530 1916 564 ac
1974 511 2244 564 fautorem

203 586 508 639 Honorium
559 586 615 638 in
669 605 851 654 parem
902 589 1223 642 sententiam
1264 580 1573 652 incurrisse,
1624 586 1813 639 Patres
1861 585 2244 656 intelligebant

203 661 493 729 datumque
530 660 726 712 honori
746 660 1072 730 Agathonis,
1114 666 1176 716 ut
1214 681 1334 732 quae
1371 662 1473 732 ipsi
1514 660 1984 730 supplicavissent,
2024 678 2086 712 eo
2109 679 2244 730 quo-

204 753 305 803 que
344 739 566 787 auctore
604 733 747 787 facta
787 753 898 788 esse
938 736 1264 791 viderentur.

350 808 458 860 Leo
496 807 566 859 II.
607 808 671 861 R.
713 808 791 872 P.,
833 810 926 878 qui
965 811 1220 864 suecessit
1257 809 1557 880 Agathoni,
1617 810 1674 862 in
1713 809 1944 878 epistola
1995 808 2062 861 ad
2103 807 2243 861 Con-

204 883 506 934 stantinum
546 881 934 950 Imperatorem
971 885 1086 936 haec
1126 885 1346 937 scribit:
1407 883 1594 937 «Hanc
1644 883 1816 953 igitur
1865 887 2029 936 rectae
2081 887 2245 952 atque

203 956 513 1025 apostolicae
570 957 885 1010 traditionis
945 977 1187 1010 normam
1250 958 1607 1028 praedecessor
1658 976 1806 1010 meus
1859 956 2077 1027 Agatho
2119 998 2131 1009 .
2176 1001 2186 1010 .
2231 999 2242 1009 .

205 1049 323 1082 cum
364 1049 459 1082 sua
497 1031 706 1098 synodo
747 1032 1079 1100 praedicavit,
1123 1074 1134 1084 .
1177 1074 1188 1084 .
1233 1078 1243 1087 .
1298 1051 1458 1101 quam
1509 1035 1695 1085 sancta
1744 1050 1888 1083 nunc
1945 1035 2000 1084 et
2049 1050 2244 1102 magna

209 1104 448 1172 synodus
490 1145 502 1155 .
546 1147 556 1157 .
601 1149 612 1158 .
655 1106 909 1174 suscepit,
970 1111 1023 1159 et
1081 1107 1139 1159 in
1199 1107 1446 1159 omnibus
1505 1107 1786 1158 nobiscum
1842 1106 2088 1174 amplexa
2145 1109 2242 1168 est,

208 1182 398 1246 utpote
438 1179 487 1230 b.
529 1178 679 1231 Petri
719 1178 1116 1248 Apostolorum
1155 1181 1419 1250 principis
1459 1181 1720 1233 sinceram
1759 1179 2063 1232 doctrinam
2102 1180 2157 1231 in
2186 1199 2246 1232 ea

203 1270 527 1321 agnoscenS,
590 1257 644 1305 et
703 1254 1044 1307 immutilatae
1102 1255 1321 1323 pietatis
1388 1255 1545 1325 signa
1611 1254 1668 1306 in
1725 1253 1823 1306 hac
1881 1257 2243 1306 contrectans.

203 1326 402 1379 Sancta
444 1327 615 1396 igitur
656 1329 978 1380 universalis
1017 1348 1214 1399 magna
1252 1332 1403 1382 sexta
1442 1328 1696 1396 synodus,
1751 1347 1909 1396 quam
1962 1332 2099 1380 nutu
2147 1327 2243 1380 Dei

204 1406 382 1452 vestra
423 1402 704 1454 clementia
743 1403 926 1454 sedulo
968 1404 1238 1467 convovit,
1281 1408 1336 1456 et
1375 1403 1462 1455 cui
1501 1421 1599 1471 pro
1628 1402 1728 1453 Dei
1767 1402 2071 1455 ministerio
2110 1420 2245 1470 prac-

204 1474 326 1535 fuit,
368 1476 718 1543 apostolicam
762 1476 819 1528 in
860 1479 1110 1530 omnibus
1161 1482 1216 1530 et
1265 1476 1629 1546 probabilium
1669 1475 1892 1528 Patrum
1942 1476 2243 1528 doctrinam

205 1554 386 1601 secuta
425 1554 522 1612 est,
565 1554 621 1602 et
659 1551 785 1619 quia
824 1551 1193 1604 definitionem
1233 1558 1392 1604 rectae
1432 1550 1558 1602 fidei
1579 1549 1888 1618 plenissime
1914 1550 2242 1618 praedicavit,

203 1641 362 1690 quam
401 1628 456 1675 et
496 1622 813 1691 Apostolica
852 1626 998 1677 sedes
1039 1627 1072 1677 b
1130 1625 1280 1678 Petri
1320 1624 1576 1693 Apostoli
1617 1666 1628 1676 .
1673 1665 1684 1675 .
1728 1664 1738 1675 .
1781 1627 2099 1675 veneranter
2127 1643 2245 1676 sus-

204 1696 377 1764 cepit3
438 1697 636 1749 idcirco
697 1703 750 1751 et
808 1718 908 1751 nos
947 1705 1002 1752 et
1040 1718 1136 1768 per
1176 1703 1425 1752 nostruin
1483 1698 1723 1750 officium
1780 1697 1893 1749 haec
1943 1699 2247 1750 veneranda

205 1771 354 1822 sedes
413 1770 734 1839 Apostolica
793 1774 1135 1826 concorditer
1192 1792 1253 1826 ac
1310 1772 1641 1825 unanimiter
1686 1771 1788 1836 his,
1848 1790 1966 1841 quae
2024 1771 2247 1824 definita

203 1849 332 1897 sunt
370 1845 436 1896 ab
476 1864 552 1907 ea,
595 1847 885 1911 consentit,
946 1852 1001 1900 et
1051 1849 1099 1899 b.
1149 1847 1298 1900 Petri
1356 1847 1684 1899 auctoritate
1743 1847 2045 1910 confirmat,
2105 1847 2245 1898 sicut

203 1938 368 1986 supra
406 1919 631 1971 solidam
673 1925 900 1988 petram,
941 1922 1033 1990 qui
1075 1922 1323 1974 Christus
1363 1925 1462 1986 est,
1503 1922 1569 1973 ab
1610 1921 1729 1990 ipso
1770 1920 2005 1972 Domino
2034 1921 2242 1989 adeptis

206 1993 564 2046 firmitatem.»
644 1994 875 2063 Ideoque
916 2001 979 2048 ut
1017 1997 1193 2064 prima
1233 1996 1488 2065 quinque,
1534 2013 1685 2064 «quae
1725 1998 1779 2047 et
1819 1995 1995 2047 omnis
2038 1994 2242 2047 Christi

207 2067 442 2119 Ecclesia
481 2070 749 2136 approbat
788 2074 842 2122 et
882 2071 1179 2138 sequitur,»
1221 2070 1300 2123 ita
1338 2074 1393 2122 et
1431 2072 1642 2121 sextum
1698 2073 1987 2137 «tanquam
2038 2088 2146 2120 una
2193 2073 2246 2121 et

205 2142 397 2210 aequali
418 2141 518 2194 Dei
557 2143 738 2212 gratia
778 2149 1170 2214 congregatum
1195 2144 1543 2198 decernimus,
1603 2142 2135 2195 Anathematizamus
2159 2186 2168 2195 .
2193 2185 2204 2194 .
2231 2184 2241 2194 .

207 2234 392 2268 omncs
450 2216 676 2269 harreses
736 2236 1026 2286 omnesque
1083 2237 1267 2271 earum
1322 2222 1569 2270 auctores
1619 2221 1780 2285 atque
1837 2218 2075 2269 fautores
2124 2218 2157 2269 i.
2200 2236 2242 2269 e.

203 2288 396 2342 Arium
440 2331 451 2343 .
496 2331 507 2342 .
551 2331 562 2342 .
603 2309 702 2343 nec
741 2310 850 2343 non
892 2297 947 2344 et
983 2292 1318 2355 Honorium,
1349 2291 1441 2361 qui
1480 2291 1619 2343 hanc
1657 2290 2028 2359 Apostolicam
2068 2291 2241 2343 sedem

205 2382 314 2416 non
353 2364 666 2432 apostolicae
705 2366 1017 2418 traditionis
1071 2367 1320 2419 doctrina
1372 2365 1644 2430 lustravit,
1699 2365 1789 2418 sed
1843 2365 2069 2433 profana
2114 2384 2241 2434 pro-

203 2438 410 2489 ditione
450 2438 848 2491 immaculatam
888 2440 1046 2492 fidem
1072 2442 1382 2493 subvertere
1409 2443 1633 2492 conatus
1661 2443 1795 2491 est.»
1875 2439 1960 2491 Ita
1999 2439 2057 2490 in
2086 2443 2240 2492 textu

204 2511 410 2573 lati1103
481 2512 539 2563 111
594 2531 771 2583 gracco
839 2532 964 2566 vero
1023 2515 1132 2567 ita:
1201 2514 1598 2566 immaculatam
1662 2513 1921 2565 maculari
1994 2514 2240 2582 permisit

203 2585 503 2655 μιανθῆναι
540 2581 637 2656 τῂν
675 2579 906 2638 ἄσπιλον
945 2580 1306 2658 παρεχώρησε.
1386 2586 1586 2654 (Mansi
1625 2591 1665 2640 t.
1706 2587 1800 2639 XI.
1841 2605 1893 2655 p⁴
1937 2587 2083 2657 730.)

351 2659 658 2713 Hadrianus
697 2661 767 2713 ΙΙ.
809 2662 1066 2714 Pontifex
1104 2663 1259 2714 Rom.
1301 2680 1443 2714 anuo
1485 2666 1590 2714 868
1631 2661 1690 2713 in
1730 2661 1936 2729 synodo
1982 2661 2239 2726 Romana,

204 2733 260 2784 in
301 2752 405 2802 qua
430 2733 688 2787 Photium
714 2737 1055 2790 anathemate
1082 2736 1367 2806 percussit,
1410 2736 1489 2788 ita
1514 2736 1653 2788 dixit
1678 2736 1735 2787 in
1761 2735 2086 2788 allocutione
2112 2736 2238 2788 HL:

207 2806 514 2876 «Siquidem
555 2809 709 2862 Rom.
751 2809 1070 2863 Pontificem
1123 2811 1185 2862 de
1236 2810 1477 2863 omnium
1522 2811 1864 2862 ecclesiarum
1916 2810 2238 2877 praesulibus

197 2881 463 2948 judicasse
502 2882 759 2953 legimus3
800 2884 863 2936 de
904 2903 964 2937 eo
1005 2903 1131 2937 vero
1173 2903 1491 2954 quemquam
1524 2883 1791 2953 judicasse
1829 2902 1941 2935 non
1991 2883 2234 2952 legimus.

203 2954 355 3008 Licet
394 2955 535 3007 enim
573 2957 819 3011 Honorio
859 2960 926 3011 ab
967 2957 1336 3012 Orientalibus
1375 2961 1500 3026 post
1551 2961 1780 3010 mortem
1829 2956 2113 3008 anathema
2163 2958 2238 3009 sit

202 3029 422 3094 dictum,
463 3031 736 3084 sciendum
774 3036 955 3085 tamen
995 3036 1092 3096 est,
1135 3033 1278 3101 quod
1317 3033 1495 3085 fuerat
1533 3050 1691 3099 super
1730 3030 1920 3082 haeresi
1938 3034 2235 3095 accusatUS,

204 3106 428 3171 propter
485 3123 643 3173 quam
697 3107 867 3159 solam
924 3107 1136 3159 licitum
1193 3111 1274 3159 est
1338 3105 1637 3157 minoribus
1694 3105 1958 3173 majorum
2015 3123 2236 3157 suorum

205 3176 440 3229 motibus
478 3180 783 3246 resistendi,
824 3181 907 3234 vel
946 3199 1143 3250 pravos
1183 3199 1370 3233 sensus
1424 3179 1590 3230 libere
1638 3178 1940 3246 respuendi,
1990 3180 2234 3247 quamvis

205 3253 260 3301 et
298 3249 375 3301 ibi
411 3269 508 3303 nec
544 3252 984 3308 Patriarcharum
1021 3272 1118 3306 nec
1157 3258 1471 3307 caeterorum
1524 3251 1835 3305 antistitum
1886 3253 2133 3322 cuiquam
2172 3253 2235 3305 de

206 3340 268 3374 eo
333 3325 629 3392 quamlibet
691 3328 777 3381 fas
824 3329 990 3381 fuerit
1044 3328 1354 3396 proferendi
1411 3325 1767 3392 sententiam,
1827 3327 1935 3379 nisi
1997 3327 2233 3395 ejusdem

206 3395 395 3464 primae
433 3398 572 3451 sedis
596 3400 877 3455 Pontificis
918 3420 1207 3455 consensus
1234 3400 1593 3470 praecessisset
1615 3401 1968 3454 auctoritas»
2027 3401 2234 3454 Deinde

206 3473 394 3522 narrat
430 3470 685 3526 Pontifex
724 3477 820 3528 sub
860 3475 1193 3530 Theoderico
1234 3477 1557 3527 convoca-tos
1595 3492 1659 3526 ex
1696 3474 1936 3545 Liguria,
1983 3474 2229 3538 Aemilia,

206 3543 423 3596 Valeria
450 3545 764 3616 Episcopos,
790 3553 852 3603 ut
879 3549 1254 3619 Symmachum
1279 3547 1601 3600 Pontificem
1621 3549 1954 3617 judicarent:
1996 3549 2231 3600 noluisse

207 3617 379 3668 ullum
414 3619 666 3673 adversus
705 3621 1081 3690 Symmachum
1117 3623 1272 3674 Rom.
1314 3621 1627 3674 Pontificem
1668 3641 1910 3675 exercere
1942 3621 2228 3691 judicium:

205 3691 296 3743 sed
336 3693 518 3746 omnia
553 3694 655 3747 Dei
685 3697 888 3767 judicio
929 3696 1254 3750 commisisse
1276 3696 1524 3761 scienteS‚
1564 3697 1690 3765 quia
1714 3699 1826 3766 ejus
1852 3697 1963 3750 sedi
1995 3695 2227 3764 primum

1878 3784 1906 3831 5
