2612 4062
377 211 484 263 228

1137 401 1695 464 APPENDIX

1388 564 1438 620 B

379 714 649 782 Excerpta
678 731 741 767 ex
766 715 1275 782 interroqationibus
1296 715 1487 781 lactis,
1529 719 1577 767 et
1602 714 2034 782 responsionibus
2056 715 2130 769 ad
2156 731 2245 768 eas
2272 714 2434 780 datis,

451 807 624 844 coram
669 787 939 842 Comitatu
960 787 1196 856 Speeiali
1235 807 1268 841 a
1294 788 1638 843 Parlamento
1678 788 1905 859 Anylico
1945 790 2016 843 ad
2054 790 2432 858 inquirendum

453 866 515 918 de
553 868 701 918 statu
741 863 1036 917 Hiberniae
1075 865 1374 929 constitum,
1418 868 1580 918 1825.

913 1013 1048 1066 an.
1090 1012 1156 1066 D.
1199 1012 1434 1067 JACOBUS
1475 1013 1684 1079 Borma,
1725 1013 1792 1066 D.
1834 1011 1900 1066 D.

1144 1101 1403 1159 (Episcopus
1435 1101 1679 1158 Darensis.)

1152 1226 1221 1276 14
1261 1222 1464 1276 Martii
1502 1225 1666 1276 1825.

523 1355 566 1409 Ι.
609 1355 771 1409 Anne
809 1355 1106 1410 auctoritas
1134 1356 1310 1426 Papae
1349 1357 1407 1409 in
1447 1358 1604 1411 rebus
1645 1355 2020 1426 spiritualibus
2060 1358 2142 1409 est
2182 1354 2434 1408 absoluta

381 1435 476 1485 aut
515 1431 791 1484 limitata?

531 1506 595 1559 R.
638 1506 740 1559 Est
778 1505 1031 1559 limitata.

528 1580 572 1634 I.
612 1579 775 1633 Anne
813 1580 1050 1634 limitata
1089 1584 1173 1634 est
1213 1581 1572 1635 conciliorum
1609 1580 1977 1634 auctoritate?

527 1655 593 1708 R.
635 1655 893 1709 Limitata
942 1659 1025 1708 est
1077 1656 1430 1709 conciliorum
1469 1674 1604 1726 quae
1647 1657 1759 1725 jam
1797 1655 1984 1708 habita
2023 1655 2134 1707 sint
2173 1653 2432 1706 decretis:

383 1730 775 1783 consuetudine
826 1729 1011 1794 etiam,
1064 1730 1167 1782 hoc
1207 1731 1306 1783 sub
1345 1735 1620 1799 respectU,
1680 1730 1824 1800 quod
1865 1747 1986 1782 cum
2026 1728 2296 1781 decretum
2335 1727 2436 1780 ali-

382 1805 556 1874 quod,
598 1804 941 1874 disciplinam
979 1804 1206 1857 localem
1245 1804 1566 1875 respicienS,
1608 1804 1674 1857 ad
1713 1804 1989 1857 nationem
2032 1820 2436 1873 quamcumque,

382 1883 538 1933 extra
590 1879 673 1932 sui
723 1879 895 1948 ipsius
948 1879 1219 1933 territorii
1259 1879 1479 1943 limites,
1523 1877 1648 1947 (Per
1687 1877 2031 1932 territorium
2071 1877 2242 1947 ipsius
2282 1894 2438 1929 suum

382 1953 634 2025 intelligo
686 1953 1086 2007 Patrimonium
1135 1952 1187 2006 S.
1230 1953 1408 2019 Petri,
1462 1973 1554 2007 seu
1595 1951 1812 2007 Statum
1852 1952 2156 2022 Papalem),
2206 1950 2438 2020 requiri-

383 2032 475 2081 tur
516 2028 895 2098 episcoporum
936 2027 1097 2082 istius
1138 2029 1377 2082 nationis
1418 2046 1740 2093 consensuS,
1783 2031 1843 2081 ut
1883 2027 2157 2080 decretum
2197 2025 2436 2078 validum

382 2102 662 2157 habeatur.

1152 2256 1222 2307 18
1261 2246 1467 2307 Martii
1500 2255 1661 2307 1825.

532 2369 574 2424 Ι.
621 2370 766 2434 Quae
807 2375 890 2426 est
916 2371 1187 2426 sententia
1226 2377 1408 2426 vestra
1447 2372 1512 2424 de
1549 2390 1699 2425 more
1725 2370 1919 2443 agendi
1945 2368 2273 2423 Pontificum
2302 2368 2438 2421 isto-

386 2464 509 2499 rum
563 2446 660 2515 qui
708 2446 766 2498 in
817 2447 975 2499 rebus
1029 2445 1306 2514 (aliorum)
1349 2446 1604 2500 Statuum
1655 2465 1768 2500 sese
1807 2444 2231 2509 immiscuerint,
2287 2446 2342 2496 et
2380 2442 2435 2494 in

386 2539 472 2574 res
516 2520 700 2573 civiles
739 2520 972 2574 aliorum
1006 2522 1095 2590 jus
1134 2521 1562 2590 assumpserint?

535 2594 599 2648 R.
642 2592 785 2647 Nolo
844 2595 908 2647 de
958 2595 1024 2647 iis
1077 2595 1171 2663 qui
1211 2596 1323 2664 jam
1370 2613 1398 2647 e
1451 2595 1663 2648 saeculo
1714 2594 1964 2646 exierunt
2012 2591 2211 2645 acriter
2250 2589 2436 2659 loqui:

389 2687 579 2723 censeo
627 2672 809 2722 autem
859 2667 1151 2722 Pontifices
1204 2670 1297 2738 qui
1348 2668 1425 2721 sic
1464 2671 1694 2739 egerunt
1732 2668 1870 2720 male
1910 2666 2108 2736 egisse;
2169 2669 2223 2718 et
2282 2681 2436 2733 saepe

387 2747 663 2814 potestate
713 2761 807 2796 seu
857 2743 1185 2797 auctoritate
1240 2743 1316 2796 eis
1363 2743 1514 2796 nullo
1549 2744 1672 2813 jure
1712 2744 2050 2810 competente
2088 2757 2214 2791 usos
2253 2738 2434 2791 fuisse.

390 2817 615 2881 Quando
654 2822 835 2871 autem
872 2817 1165 2871 Pontifices
1204 2818 1363 2871 rebus
1402 2818 1637 2871 aliorum
1676 2815 1948 2879 civilibuS,
1989 2818 2084 2866 aut
2123 2812 2439 2882 temporali-

390 2893 490 2946 bus
528 2893 739 2963 Regum
782 2892 998 2962 juribus
1037 2911 1149 2945 sese
1186 2892 1610 2956 immiscuerint,
1658 2890 1842 2943 inveni
1881 2907 2001 2951 eos,
2057 2887 2288 2957 singulis
2328 2887 2439 2940 fere

391 2985 575 3019 rerum
611 2967 901 3037 adjunctiS,
941 2966 1000 3019 in
1039 2967 1235 3037 quibus
1275 2967 1353 3019 sic
1380 2970 1623 3037 egerunt,
1664 2965 1937 3035 professos
1977 2963 2143 3015 fuisse
2183 2979 2341 3032 agere
2373 2978 2441 3013 ex

388 3041 602 3110 juribus
641 3042 770 3107 sibi,
820 3042 931 3095 sive
971 3059 1035 3094 ex
1074 3041 1247 3110 pactis
1286 3059 1380 3094 seu
1422 3041 1475 3093 vi
1517 3039 1841 3102 cessionum,
1883 3041 1978 3090 aut
2016 3037 2245 3105 alicujus
2285 3039 2438 3088 actus

395 3131 581 3167 eorum
619 3134 810 3186 regum
846 3120 944 3170 aut
983 3115 1271 3169 nationum
1296 3116 1490 3184 quibus
1530 3132 1644 3168 sese
1682 3113 1758 3166 sic
1797 3112 2126 3183 ingesserint
2152 3109 2437 3162 derivatis:

394 3205 492 3240 nec
542 3189 725 3242 inveni
777 3191 939 3244 istam
977 3190 1420 3255 immiscentiam,
1461 3189 1575 3243 ullo
1614 3188 1727 3241 fere
1766 3205 1919 3251 casu,
1960 3187 2074 3239 sola
2112 3184 2439 3238 auctoritate

395 3278 583 3315 eorum
622 3263 898 3332 spirituali
936 3264 1215 3318 fundatam
1255 3264 1436 3317 fuisse.

544 3335 587 3389 I.
628 3335 787 3390 Anne
814 3338 1000 3392 Clerus
1028 3338 1339 3393 Catholicus
1377 3356 1479 3408 pro
1519 3339 1665 3391 certo
1706 3338 1855 3389 tenet
1895 3352 2078 3388 omnes
2110 3330 2434 3386 Pontificum

397 3409 584 3464 Bullas
623 3411 982 3465 obedientiam
1020 3413 1265 3483 exigere?

546 3483 611 3539 R.
663 3482 1007 3540 NullomodO.
1086 3487 1379 3541 Pontifices
1428 3485 1684 3539 habemus
1733 3488 1795 3538 ut
1834 3484 2162 3553 potestatem
2199 3478 2436 3532 executi-

398 3576 522 3614 vam
545 3557 817 3612 Ecclesiae
853 3558 1161 3614 Catholicae
1201 3561 1614 3616 constituentes.
1673 3557 1896 3620 Quando
1925 3555 2138 3609 Bullam
2174 3553 2434 3624 publicat,

399 3632 772 3705 disciplinam,
819 3651 852 3686 a
901 3633 1134 3688 concilio
1184 3635 1428 3708 generali
1471 3635 1584 3706 jam
1632 3632 1959 3697 stabilitam,
1999 3628 2432 3702 praecipientem,
