2612 4062
2024 240 2131 296 219

86 408 184 459 per
222 383 405 458 plures
432 406 623 453 annOS,
661 389 1007 454 tenebantur,
1048 390 1139 444 sed
1166 390 1311 460 quod
1350 389 1603 461 guber-nii
1629 387 1860 461 Angliae
1885 389 2131 443 modera-

87 467 235 517 tores
291 463 446 515 civile
496 463 724 527 bellum,
777 463 884 517 nisi
930 463 1035 517 ista
1087 464 1358 518 concessio
1399 464 1800 530 facta-fuisset,
1852 464 2126 518 timerent.

86 537 153 592 In
190 537 293 590 hoc
331 555 515 590 verum
553 536 717 599 dixit;
768 537 859 589 sed
897 537 1036 590 nihil
1075 539 1142 591 ad
1182 556 1321 591 rem:
1376 542 1430 593 et
1470 539 1719 593 veritatis
1759 557 1918 608 quam
1958 556 2129 591 6111111-

88 612 251 666 ciavit
287 629 469 664 veram
509 629 718 664 causam
757 611 971 664 videtur
1009 612 1305 683 ignorasse.

234 685 542 756 Anglicano
585 683 860 738 Gubernio
912 705 1121 755 semper
1169 687 1396 739 maxime
1450 686 1636 739 odiosa
1688 687 1872 740 extitit
1912 686 2128 756 Papalis

85 763 356 829 potestaS,
409 778 569 828 quam
607 758 653 811 si
692 759 942 813 doctrina
981 761 1104 813 fidei
1143 765 1308 825 esset,
1358 760 1561 829 Papam
1612 779 1726 813 esse
1764 761 2126 826 infallibilem,

85 834 254 887 videri
294 834 470 902 possit
494 833 868 887 Protestantes
908 835 1099 888 melius
1141 835 1459 905 cognovisse
1499 854 1658 904 quam
1697 835 1846 904 ipsos
1886 834 2130 888 Catholi-

87 927 175 961 cos
227 907 439 978 Anglos
495 912 547 960 et
600 907 888 962 Hibernos
975 908 1258 962 Noverant
1310 909 1453 961 enim
1510 909 1786 962 Romanos
1837 909 2129 963 Pontifices

87 1001 345 1035 summam
402 985 728 1051 potestatem
781 983 837 1035 in
886 984 1044 1036 rebus
1096 984 1484 1051 temporalibus
1533 983 1635 1036 sibi
1685 983 2016 1049 vindicasse,
2076 987 2130 1037 et

86 1058 268 1126 plures
318 1056 492 1126 Reges
546 1055 758 1126 Anglos
811 1057 875 1110 de
926 1058 1126 1110 throno
1187 1058 1499 1120 deturbare,
1555 1058 1749 1110 solutis
1803 1058 2127 1127 juramentis

86 1131 385 1195 fidelitatiS,
427 1130 621 1199 quibus
661 1131 864 1184 subditi
904 1150 1032 1201 erga
1071 1151 1161 1184 eos
1200 1135 1538 1196 tenerentur,
1578 1135 1892 1185 attentasse.

233 1206 365 1258 Eam
417 1209 742 1274 potestatem
783 1206 840 1257 in
883 1205 1111 1276 Angliae
1150 1225 1347 1276 regno,
1400 1205 1645 1258 Romano
1685 1205 1944 1259 Pontifici
1984 1224 2128 1258 com-

85 1284 267 1350 petere
287 1283 594 1349 juramento
622 1280 836 1348 publice
857 1280 1000 1345 date,
1029 1281 1280 1349 repetitis
1299 1280 1524 1343 vicibus,
1554 1285 1826 1350 negarunt
1849 1280 2127 1343 catholici;

86 1355 226 1424 quod
279 1354 323 1407 si
375 1373 486 1406 non
537 1354 789 1408 fecissent
836 1374 1113 1424 nunquam
1164 1355 1230 1407 ad
1269 1355 1538 1407 libertatis
1580 1354 1753 1406 civilis
1795 1354 2130 1407 consortium

84 1429 302 1481 admissi
355 1429 587 1481 fuissent
625 1433 721 1481 aut
760 1429 1085 1484 debuissent.
1130 1461 1196 1468 —
1240 1429 1518 1492 Quomodo
1560 1429 1691 1480 fides
1731 1429 1808 1481 sic
1849 1428 2126 1481 Gubernio

85 1503 392 1573 Anglicano
443 1503 567 1555 data
607 1504 887 1555 conciliari
927 1505 1103 1572 possit
1142 1523 1259 1556 cum
1301 1503 1618 1555 definitione
1658 1502 1873 1571 Papalis
1913 1503 2128 1556 Infalli-

84 1578 344 1642 bilitatiS,
405 1596 524 1630 cum
583 1582 789 1630 certum
849 1579 922 1630 sit
982 1578 1033 1630 id
1086 1579 1227 1648 juris
1292 1577 1394 1630 sibi
1459 1581 1788 1646 competere,
1854 1577 2128 1630 Romanos

91 1652 374 1705 Pontifices
427 1651 638 1720 saepius
688 1653 1010 1704 solemniore
1058 1652 1215 1706 modo
1269 1652 1594 1715 declarasse,
1646 1655 1700 1704 et
1749 1670 2027 1720 nunquam
2078 1652 2124 1704 61

85 1726 455 1789 renuntiasse,
515 1727 619 1795 ipsi
659 1726 897 1780 viderint
937 1727 1029 1795 qui
1070 1746 1133 1779 ex
1175 1726 1439 1795 episcopis
1478 1725 1935 1790 HibernensibuS,
1987 1727 2127 1779 sicut

84 1820 183 1871 ego
222 1801 350 1869 ipse,
392 1801 525 1853 illud
545 1803 914 1870 juramentum
940 1802 1333 1870 praestiterint.
1394 1799 1611 1852 Nodum
1658 1800 1863 1854 solvere
1895 1818 2124 1869 nequeo:

84 1875 266 1928 Davus
325 1893 471 1928 sum:
531 1894 639 1928 non
693 1875 947 1944 Oedipus
1027 1875 1127 1928 His
1173 1895 1285 1928 non
1337 1875 1680 1927 obstantibus
1740 1892 1990 1927 concessa
2047 1879 2128 1927 est

82 1950 306 2002 libertas
347 1950 519 2002 civilis
547 1949 839 2002 Catholicis
878 1969 907 2002 a
947 1951 1078 2003 viris
1119 1950 1212 2018 qui
1253 1950 1301 2001 ei
1330 1968 1424 2017 per
1451 1950 1674 2018 longam
1701 1949 1868 2001 vitam
1898 1949 2128 2000 maxime

80 2024 347 2077 adversati
400 2028 595 2077 essent.
676 2025 960 2077 Timebant
1003 2025 1196 2077 bellum
1239 2024 1396 2076 civile
1437 2024 1667 2091 quidem,
1709 2023 1798 2075 sed
1839 2023 1976 2075 illud
2015 2042 2122 2075 non

80 2099 417 2160 metuebant,
472 2117 532 2151 eo
581 2117 738 2152 sensu
787 2099 931 2167 quod
987 2099 1186 2151 bellum
1235 2098 1496 2167 ejusmodi
1553 2097 1817 2166 potestati
1864 2096 2122 2149 Gubernii

81 2173 239 2226 aliter
290 2173 514 2225 noxium
561 2174 809 2226 futurum
861 2177 1000 2226 esset
1047 2191 1206 2242 quam
1255 2172 1399 2242 pacis
1451 2191 1545 2241 per
1598 2171 1818 2240 aliquod
1864 2171 2126 2240 temporis

81 2248 547 2318 perturbationem
586 2248 893 2301 allaturum.

228 2322 498 2374 Eventum
535 2321 663 2374 belli
703 2322 967 2374 timebant
1005 2339 1116 2373 non
1158 2321 1383 2383 exitum,
1427 2320 1489 2372 de
1531 2338 1636 2388 quo
1678 2337 1834 2372 nemo
1876 2319 2125 2372 cordatus
2194 2352 2197 2354 -

82 2398 321 2449 incertus
362 2414 473 2448 esse
513 2395 797 2464 potuisset.
877 2396 1191 2448 Maluerunt
1231 2395 1425 2447 summi
1463 2394 1548 2445 illi
1588 2394 1692 2446 viri
1734 2394 1915 2446 cedere
1942 2393 2127 2462 potius

81 2490 239 2540 quam
278 2470 511 2534 vincere,
553 2470 761 2522 excidio
800 2471 1038 2539 inclytae
1076 2469 1336 2532 nationiS,
1378 2468 1674 2537 populique
1712 2469 1771 2520 in
1812 2467 1924 2520 suis
1964 2468 2124 2521 etiam

80 2546 291 2608 erratiS,
334 2548 397 2597 ut
435 2545 566 2614 ipsis
606 2544 903 2607 videbatur,
946 2545 1072 2598 fatis
1112 2543 1428 2595 melioribus
1466 2542 1637 2612 digni.
1705 2542 1928 2595 Utinam
1967 2560 2126 2611 quam

81 2619 501 2672 moderationem
539 2619 706 2671 animi
745 2619 826 2671 illi
865 2619 969 2671 viri
996 2619 1300 2680 exhibuere,
1342 2617 1648 2670 exhibitura
1688 2617 1759 2670 sit
1786 2618 1958 2686 major
1997 2635 2124 2684 pars

81 2694 455 2763 episcoporum
515 2694 606 2762 qui
663 2693 794 2745 haec
851 2694 1111 2755 audiunt3
1172 2696 1226 2745 et
1284 2691 1495 2744 intuitu
1552 2691 1817 2744 malorum
1868 2708 2003 2760 quae
2062 2709 2125 2743 ex

81 2769 318 2820 infausta
373 2768 474 2820 hac
533 2768 905 2820 controversia
955 2767 1099 2820 inter
1149 2785 1249 2819 nos
1301 2766 1516 2818 evenire
1565 2766 1807 2834 possint,
1868 2784 1898 2816 a
1949 2765 2122 2828 nobiS,

81 2861 303 2894 numero
340 2842 550 2910 quidem
584 2842 953 2905 inferioribus,
991 2841 1082 2893 sed
1115 2842 1373 2910 majorem
1411 2858 1695 2892 numerum
1723 2838 2124 2892 Catholicorum

81 2917 612 2985 repraesentantibus
666 2935 825 2986 quam
876 2916 982 2984 ipsi
1032 2915 1125 2983 qui
1176 2915 1334 2967 nobis
1388 2918 1771 2983 opponuntur,
1831 2913 1890 2965 in
1941 2931 2123 2965 rerum

82 2991 351 3060 adjunctis
390 3010 649 3043 summam
686 2990 1112 3043 moderationem
1151 2988 1507 3059 exigentibUS,
1549 2991 1604 3040 et
1642 2988 1706 3039 ab
1748 2987 1889 3040 Orbe
1923 2986 2122 3040 Catho-

81 3065 183 3118 lico
233 3065 373 3118 mala
422 3069 643 3118 arceant
682 3083 816 3133 quae
855 3063 1157 3133 praevideri
1207 3066 1478 3131 nequeant
1517 3062 1632 3115 sine
1671 3061 1838 3114 animi
1877 3061 2120 3126 horrore,

82 3157 179 3192 nec
217 3139 372 3194 tarda
408 3139 745 3209 paenitentia
783 3137 1024 3208 reparari
1064 3140 1343 3206 poterunt.

1055 3314 1148 3367 IX.

231 3435 392 3490 Nunc
440 3442 618 3490 autem
659 3437 722 3489 de
763 3436 897 3489 Casu
938 3434 1133 3487 Morali
1172 3433 1437 3486 nonnulla
1475 3433 1648 3485 dicere
1687 3434 1873 3488 habeo,
1955 3433 2119 3487 Casus

85 3511 204 3574 iste,
244 3514 306 3563 ut
345 3512 479 3563 bene
517 3510 707 3573 nostiS,
749 3529 810 3562 eo
850 3509 1028 3563 tendit
1067 3512 1129 3561 ut
1167 3506 1430 3576 episcopis
1469 3507 1523 3558 in
1551 3507 1863 3560 memoriam
1882 3511 2117 3571 revocet,

84 3603 248 3655 grave
288 3590 562 3652 peccatum
602 3584 890 3636 admissum
939 3583 1006 3635 iri
1046 3600 1077 3633 a
1116 3599 1452 3650 quocumque
1491 3581 1760 3652 episcopo,
1801 3582 1894 3651 qui
1934 3600 2118 3634 vocem

87 3658 463 3713 affirmativam
501 3676 601 3729 pro
627 3657 916 3712 Pontificia
954 3655 1345 3710 infallibilitate
1383 3655 1606 3723 dederit,
1647 3657 1693 3711 si
1731 3657 1863 3727 ipse,
1891 3655 2133 3727 proprio¹
