2612 4062
2068 295 2172 346 245

867 498 1418 559 APPENDIX

1119 659 1166 712 F

273 809 355 860 Ex
413 810 647 877 quatuor
705 805 1149 874 deputationibus
1196 809 1312 860 sola
1361 827 1421 861 ea
1474 829 1610 878 quae
1666 810 1730 862 de
1783 810 1913 863 Fide
1974 811 2176 865 dicitur

123 883 398 951 hucusque
436 879 640 949 aliquid
683 879 740 930 in
771 880 1011 932 Concilio
1052 883 1344 949 praestitit.
1407 882 1718 952 Composita
1758 888 1840 937 est
1880 903 1944 937 ex
1975 885 2176 956 viginti

124 960 358 1026 quatuor
409 954 704 1024 episcopm,
761 954 854 1022 qui
894 974 924 1005 a
965 953 1207 1008 Concilio
1248 957 1403 1009 electi
1443 961 1587 1010 sunt.
1667 958 1768 1010 Per
1809 958 2024 1028 aliquot
2061 959 2175 1013 dies

123 1035 411 1099 antequam
475 1028 541 1081 ad
602 1028 861 1098 suffragia
924 1033 1148 1082 ventum
1211 1030 1406 1094 fuerit,
1474 1031 1753 1084 schedulae
1818 1032 2174 1103 lithographo

123 1106 425 1173 impressae,
467 1102 880 1171 inscriptionem
926 1102 1017 1154 «in
1056 1103 1318 1156 honorem
1357 1104 1553 1157 Beatae
1593 1105 1794 1158 Mariae
1832 1106 2177 1162 immaculate

125 1182 455 1247 conceptae»
524 1177 581 1228 in
647 1178 824 1245 capite
881 1177 1167 1240 habenteS,
1234 1178 1702 1232 distribuebantur
1760 1180 1907 1233 inter
1966 1179 2173 1246 PatreS,

123 1253 340 1306 nomine
398 1252 559 1305 etiam
617 1251 1046 1303 Emineutissimi
1105 1251 1405 1305 Cardinalis
1459 1252 1539 1305 De
1591 1252 1818 1324 Angelis
1877 1254 1934 1306 in
1987 1274 2174 1307 eorum

123 1327 275 1397 quasi
317 1325 835 1379 commendationem
875 1326 941 1377 ab
982 1344 1166 1378 earum
1193 1326 1552 1380 directoribus
1592 1328 1851 1381 adhibito.
1913 1328 2174 1399 Episcopi

123 1402 217 1471 qui
259 1401 363 1470 piis
404 1419 586 1453 earum
625 1400 936 1452 auctoribus
959 1400 1284 1468 placuerunt
1323 1401 1389 1452 ad
1432 1421 1597 1454 unum
1637 1403 1748 1454 fere
1789 1421 1971 1455 omnes
2011 1403 2174 1474 elige-

123 1478 323 1529 bantur
353 1494 416 1527 ex
445 1475 511 1527 iis
540 1475 633 1544 qui
660 1474 990 1526 definiendae
1018 1473 1340 1527 Pontificiae
1367 1474 1787 1529 Infallibilitatis
1815 1476 1956 1528 haud
1984 1477 2173 1529 adver-

123 1551 231 1602 sari
272 1551 650 1602 noscebantur.
729 1547 898 1601 Juxta
938 1548 1403 1601 Constitutionem
1429 1549 1802 1618 Apostolicam
1835 1549 2173 1616 Multiplices

123 1627 262 1677 inter
300 1624 401 1676 hoc
440 1627 555 1676 erat
596 1642 791 1675 munus
819 1621 1267 1691 Deputationum.
1348 1622 1404 1676 Si
1443 1624 1713 1677 schemata
1751 1624 1927 1693 primo
1970 1625 2169 1689 oblata,

122 1704 218 1752 aut
270 1718 381 1751 non
435 1718 466 1750 a
518 1698 766 1767 patribus
806 1697 1206 1765 reciperentur,
1257 1701 1356 1750 aut
1393 1698 1599 1767 aliquid
1641 1698 1985 1752 continerent
2029 1701 2172 1767 quod

124 1773 460 1826 correctione
512 1772 812 1842 indigeret,
868 1772 932 1823 de
973 1790 1078 1840 qua
1118 1771 1307 1824 Patres
1348 1772 1406 1824 in
1447 1773 1882 1843 Congregatione
1923 1771 2174 1826 Generali

123 1848 267 1900 inter
307 1865 363 1899 se
403 1847 729 1899 concordare
768 1846 1072 1914 nequirent,
1113 1850 1246 1899 tunc
1284 1847 1350 1898 ad
1377 1846 1803 1915 Deputationem
1841 1847 2171 1900 remittenda

124 1926 331 1986 essent,
396 1926 483 1985 ut,
539 1921 723 1974 habita
779 1920 992 1973 ratione
1048 1920 1271 1973 Patrum
1324 1921 1381 1972 in
1437 1922 1510 1973 eis
1552 1921 2020 1985 observationum,
2075 1926 2172 1975 aut

125 1997 546 2066 corrigerentur,
583 1999 679 2048 aut
704 1996 1148 2048 reformarentur.
1219 1994 1284 2047 In
1311 1995 1428 2064 ipsa
1455 1995 1892 2065 Congregatione
1920 1994 2171 2047 Generali

120 2070 416 2139 Deputatio
475 2070 686 2122 nullum
745 2088 938 2121 munus
998 2069 1104 2138 ipsi
1163 2069 1546 2123 demandatum
1602 2070 1859 2131 habebat;
1927 2070 2169 2138 quamvis

120 2145 334 2214 singula
387 2147 500 2214 ejus
547 2145 786 2197 membra
839 2148 1095 2212 poterant
1148 2162 1247 2212 pro
1301 2144 1460 2197 libito
1513 2163 1608 2197 sua
1661 2162 1816 2196 sensa
1854 2143 2167 2211 exprimere,

120 2219 342 2287 proprio
401 2222 581 2272 autem
640 2219 886 2282 nomine,
947 2237 1061 2271 non
1118 2218 1521 2286 Deputationis
1619 2218 1699 2270 De
1756 2217 1916 2270 modo
1974 2218 2167 2287 agendi

120 2293 504 2362 Deputationis
552 2294 607 2345 in
648 2293 767 2362 ipso
809 2295 922 2362 ejus
963 2294 1086 2345 sinu
1124 2293 1203 2344 nil
1244 2294 1378 2344 certi
1416 2293 1662 2360 proferre
1700 2292 1886 2344 habeO.
1965 2290 2167 2343 Audivi

117 2372 298 2420 autem
350 2368 563 2436 quando
617 2368 861 2436 quaestio
903 2371 1022 2420 erat
1059 2367 1122 2419 de
1162 2366 1506 2419 reformando
1547 2366 1723 2435 primo
1766 2364 2043 2418 Schemate
2082 2365 2167 2418 De

116 2442 278 2506 Fide,
338 2460 556 2510 operam
606 2441 1013 2495 reformationis
1065 2442 1242 2494 tribus
1294 2459 1357 2492 ex
1403 2440 1469 2492 iis
1524 2441 1590 2492 ab
1648 2440 1771 2492 aliis
1825 2439 2163 2491 commissam

117 2516 309 2580 fuisse,
361 2516 419 2567 in
472 2535 577 2585 quo
631 2520 775 2569 certe
814 2536 845 2568 a
883 2516 1156 2585 theologis
1197 2514 1583 2583 Deputationis
1625 2513 1950 2567 consiliariis
1989 2514 2162 2582 adjuti

116 2595 322 2653 essent3
378 2591 514 2642 unde
554 2610 665 2644 non
703 2595 785 2644 est
824 2591 984 2642 nimis
1025 2590 1197 2642 audax
1237 2607 1542 2658 supponere
1582 2608 1718 2658 opus
1757 2587 2162 2640 reformationis

115 2665 181 2717 ad
231 2665 514 2734 theologos
566 2665 728 2729 istos,
791 2666 983 2718 saltem
1032 2664 1263 2716 maxima
1315 2682 1378 2715 ex
1420 2667 1605 2731 parte,
1654 2662 1991 2714 referendum
2031 2680 2158 2714 esse.

118 2738 327 2792 Caeteri
379 2739 493 2791 sine
543 2739 706 2792 dubio
757 2758 1031 2792 assensum
1083 2739 1478 2806 praebuerunt3
1534 2742 1588 2790 et
1638 2739 1827 2789 forsan
1877 2735 2162 2804 aliqualem

116 2817 324 2881 partem
377 2813 434 2865 in
487 2833 548 2866 60
601 2814 889 2866 habebant.
948 2844 1014 2850 —
1068 2812 1148 2864 De
1200 2812 1358 2864 modo
1412 2811 1607 2880 agendi
1664 2808 2051 2878 Deputationis
2104 2809 2161 2861 in

116 2887 357 2939 Concilio
410 2887 530 2957 ipso
578 2889 728 2958 loqui
778 2905 995 2956 possum
1045 2885 1236 2954 majori
1278 2885 1488 2936 fiducia.
1571 2883 1658 2936 Sic
1697 2887 1828 2935 erat.
1909 2882 1972 2934 In
2014 2883 2162 2935 omni

113 2962 220 3014 alio
275 2965 431 3014 coetu
471 2962 855 3023 deliberativo,
910 2960 1221 3028 deputatiO,
1264 2962 1390 3027 post
1427 2958 1698 3010 redditum
1737 2956 1946 3009 schema
1986 2957 2160 3009 refor—

114 3040 345 3100 matum,
387 3035 524 3088 nihil
562 3037 791 3105 amplius
832 3036 1006 3087 facere
1045 3034 1099 3084 in
1141 3051 1201 3085 eo
1242 3033 1493 3096 haberet,
1534 3034 1910 3100 praeterquam
1949 3034 2013 3083 ut
2044 3032 2157 3098 jam

113 3110 318 3163 dictum
377 3113 488 3174 est,
547 3111 691 3179 quod
749 3109 954 3178 singuli
1005 3126 1126 3159 suas
1177 3106 1502 3169 sententiaS,
1564 3105 1958 3174 suffragiaque,
2019 3104 2159 3158 sicut

115 3184 328 3248 caeteri,
369 3203 636 3252 exponere
675 3188 729 3237 et
769 3185 909 3235 ferre
947 3182 1217 3234 deberent.

261 3257 609 3311 Contrarium
671 3258 882 3310 accidit:
986 3254 1056 3307 Vi
1119 3254 1339 3323 regulae
1403 3270 1577 3304 nonae
1641 3251 1914 3315 DECRETI,
1978 3270 2158 3305 mense

114 3332 404 3384 Februario
462 3331 669 3395 emissi,
713 3362 779 3368 —-
821 3350 931 3383 non
984 3348 1015 3380 a
1067 3327 1309 3380 Concilio
1350 3327 1499 3394 ipsc,
1553 3325 1640 3378 sed
1699 3345 1730 3378 a
1781 3325 2046 3378 Pontifice
2087 3359 2154 3364 ———

112 3405 269 3460 licuit
326 3404 616 3472 unicuique
672 3423 736 3456 ex
792 3401 1160 3473 deputationis
1215 3399 1478 3469 episcopis
1531 3400 1740 3452 veniam
1790 3400 2044 3469 loquendi
2098 3401 2154 3452 in

113 3479 360 3531 Concilio
401 3478 668 3541 obtinere,
708 3481 770 3530 ut
809 3475 1201 3548 objectionibus
1242 3479 1434 3526 contra
1472 3473 1684 3526 schema
1721 3473 1900 3526 allatis
1927 3493 2153 3543 respon-

113 3553 280 3617 deret,
319 3556 414 3606 aut
452 3553 570 3620 ipso
610 3551 695 3603 die
734 3569 840 3620 quo
882 3552 1223 3611 offerrentur,
1264 3551 1360 3600 aut
1396 3546 1483 3599 die
1508 3548 1763 3602 crastino.
1824 3547 1914 3601 Sic
1952 3548 2153 3601 factum

113 3630 194 3679 est
232 3629 312 3689 ut,
352 3623 583 3695 singulis
618 3625 730 3676 fere
757 3623 958 3688 diebuS,
999 3623 1098 3676 sub
1124 3621 1342 3675 initium
1369 3620 1821 3693 Congregationis
1850 3621 2150 3686 Generalis,

112 3699 308 3769 aliquis
341 3717 406 3752 ex
432 3697 801 3768 deputationis
827 3698 1092 3768 patribUS,
1121 3714 1234 3765 non
1261 3714 1358 3750 suo
1384 3695 1618 3764 nomine,
1646 3697 1738 3750 sed
1760 3695 2148 3768 deputationis,
