<?xml version="1.0" encoding="UTF-8"?>
<!DOCTYPE html PUBLIC "-//W3C//DTD XHTML 1.0 Transitional//EN"
    "http://www.w3.org/TR/xhtml1/DTD/xhtml1-transitional.dtd">
<html xmlns="http://www.w3.org/1999/xhtml" xml:lang="en" lang="en">
 <head>
  <title>
</title>
<meta http-equiv="Content-Type" content="text/html;charset=utf-8" />
  <meta name='ocr-system' content='tesseract 3.04.00' />
  <meta name='ocr-capabilities' content='ocr_page ocr_carea ocr_par ocr_line ocrx_word'/>
</head>
<body>
  <div class='ocr_page' id='page_1' title='image "./a582484600frieuoft_0213.png"; bbox 0 0 2612 4062; ppageno 0'>
   <div class='ocr_carea' id='block_1_1' title="bbox 2067 239 2175 294">
    <p class='ocr_par' dir='ltr' id='par_1_1' title="bbox 2067 239 2175 294">
     <span class='ocr_line' id='line_1_1' title="bbox 2067 239 2175 294; baseline 0.037 -4"><span class='ocrx_word' id='word_1_1' title='bbox 2067 239 2175 294; x_wconf 81' lang='lat'>201.</span> 
     </span>
    </p>
   </div>
   <div class='ocr_carea' id='block_1_2' title="bbox 135 385 2188 2828">
    <p class='ocr_par' dir='ltr' id='par_1_2' title="bbox 135 385 2185 978">
     <span class='ocr_line' id='line_1_2' title="bbox 282 385 2180 459; baseline -0.001 -19"><span class='ocrx_word' id='word_1_2' title='bbox 282 386 678 456; x_wconf 89' lang='lat' dir='ltr'>Metaphoricas</span> <span class='ocrx_word' id='word_1_3' title='bbox 704 387 947 458; x_wconf 83' lang='lat' dir='ltr'>argutias</span> <span class='ocrx_word' id='word_1_4' title='bbox 974 389 1299 459; x_wconf 85' lang='lat' dir='ltr'>abjiciendas</span> <span class='ocrx_word' id='word_1_5' title='bbox 1327 388 1483 451; x_wconf 86' lang='lat' dir='ltr'>duxi;</span> <span class='ocrx_word' id='word_1_6' title='bbox 1518 387 1612 440; x_wconf 87' lang='lat' dir='ltr'>sed</span> <span class='ocrx_word' id='word_1_7' title='bbox 1639 386 1797 440; x_wconf 88' lang='lat' dir='ltr'>fidem</span> <span class='ocrx_word' id='word_1_8' title='bbox 1824 385 2180 438; x_wconf 89' lang='lat' dir='ltr'>conciliorum</span> 
     </span>
     <span class='ocr_line' id='line_1_3' title="bbox 135 458 2180 532; baseline -0.001 -18"><span class='ocrx_word' id='word_1_9' title='bbox 135 465 459 532; x_wconf 90' lang='lat' dir='ltr'>patrumque</span> <span class='ocrx_word' id='word_1_10' title='bbox 509 461 802 530; x_wconf 86' lang='lat' dir='ltr'>appellavi;</span> <span class='ocrx_word' id='word_1_11' title='bbox 857 482 989 532; x_wconf 89' lang='lat' dir='ltr'>quae</span> <span class='ocrx_word' id='word_1_12' title='bbox 1041 463 1335 517; x_wconf 85' lang='lat' dir='ltr'>istascum</span> <span class='ocrx_word' id='word_1_13' title='bbox 1373 462 1600 532; x_wconf 88' lang='lat' dir='ltr'>antiqua</span> <span class='ocrx_word' id='word_1_14' title='bbox 1638 460 1909 515; x_wconf 79' lang='lat' dir='ltr'>Ecclesiae</span> <span class='ocrx_word' id='word_1_15' title='bbox 1946 458 2180 513; x_wconf 89' lang='lat' dir='ltr'>Univer-</span> 
     </span>
     <span class='ocr_line' id='line_1_4' title="bbox 136 534 2182 606; baseline -0.001 -17"><span class='ocrx_word' id='word_1_16' title='bbox 136 536 263 589; x_wconf 88' lang='lat' dir='ltr'>salis</span> <span class='ocrx_word' id='word_1_17' title='bbox 303 535 551 588; x_wconf 89' lang='lat' dir='ltr'>doctrina</span> <span class='ocrx_word' id='word_1_18' title='bbox 589 539 643 588; x_wconf 91' lang='lat' dir='ltr'>et</span> <span class='ocrx_word' id='word_1_19' title='bbox 682 537 835 604; x_wconf 86' lang='lat' dir='ltr'>praxi</span> <span class='ocrx_word' id='word_1_20' title='bbox 876 555 988 590; x_wconf 89' lang='lat' dir='ltr'>non</span> <span class='ocrx_word' id='word_1_21' title='bbox 1029 538 1328 601; x_wconf 82' lang='lat' dir='ltr'>cohaerere,</span> <span class='ocrx_word' id='word_1_22' title='bbox 1371 538 1462 591; x_wconf 89' lang='lat' dir='ltr'>sed</span> <span class='ocrx_word' id='word_1_23' title='bbox 1501 537 1574 589; x_wconf 91' lang='lat' dir='ltr'>eis</span> <span class='ocrx_word' id='word_1_24' title='bbox 1601 537 1784 606; x_wconf 84' lang='lat' dir='ltr'>potius</span> <span class='ocrx_word' id='word_1_25' title='bbox 1813 534 2182 588; x_wconf 71' lang='lat' dir='ltr'>contradicere</span> 
     </span>
     <span class='ocr_line' id='line_1_5' title="bbox 139 608 2182 683; baseline -0.002 -19"><span class='ocrx_word' id='word_1_26' title='bbox 139 609 392 664; x_wconf 73' lang='lat' dir='ltr'>ostendit.</span> <span class='ocrx_word' id='word_1_27' title='bbox 471 609 616 661; x_wconf 89' lang='lat' dir='ltr'>Haec</span> <span class='ocrx_word' id='word_1_28' title='bbox 667 611 863 682; x_wconf 81' lang='lat' dir='ltr'>agendi</span> <span class='ocrx_word' id='word_1_29' title='bbox 915 612 1055 665; x_wconf 86' lang='lat' dir='ltr'>ratio</span> <span class='ocrx_word' id='word_1_30' title='bbox 1104 613 1276 683; x_wconf 85' lang='lat' dir='ltr'>magis</span> <span class='ocrx_word' id='word_1_31' title='bbox 1315 616 1445 682; x_wconf 90' lang='lat' dir='ltr'>apta</span> <span class='ocrx_word' id='word_1_32' title='bbox 1484 615 1566 664; x_wconf 91' lang='lat' dir='ltr'>est</span> <span class='ocrx_word' id='word_1_33' title='bbox 1605 611 1672 663; x_wconf 88' lang='lat' dir='ltr'>ad</span> <span class='ocrx_word' id='word_1_34' title='bbox 1710 610 2084 663; x_wconf 89' lang='lat' dir='ltr'>Protestantes</span> <span class='ocrx_word' id='word_1_35' title='bbox 2124 608 2182 661; x_wconf 90' lang='lat' dir='ltr'>in</span> 
     </span>
     <span class='ocr_line' id='line_1_6' title="bbox 135 682 2182 757; baseline -0.001 -21"><span class='ocrx_word' id='word_1_36' title='bbox 135 685 398 754; x_wconf 82' lang='lat' dir='ltr'>gremium</span> <span class='ocrx_word' id='word_1_37' title='bbox 423 682 692 736; x_wconf 85' lang='lat' dir='ltr'>Ecclesiae</span> <span class='ocrx_word' id='word_1_38' title='bbox 719 684 1068 750; x_wconf 76' lang='lat' dir='ltr'>re‘ducendOS,</span> <span class='ocrx_word' id='word_1_39' title='bbox 1098 705 1257 755; x_wconf 90' lang='lat' dir='ltr'>quam</span> <span class='ocrx_word' id='word_1_40' title='bbox 1282 690 1618 757; x_wconf 86' lang='lat' dir='ltr'>argumenta,</span> <span class='ocrx_word' id='word_1_41' title='bbox 1647 703 1877 755; x_wconf 88' lang='lat' dir='ltr'>quorum</span> <span class='ocrx_word' id='word_1_42' title='bbox 1904 682 2182 753; x_wconf 90' lang='lat' dir='ltr'>principia</span> 
     </span>
     <span class='ocr_line' id='line_1_7' title="bbox 136 757 2184 829; baseline -0.001 -17"><span class='ocrx_word' id='word_1_43' title='bbox 136 759 243 828; x_wconf 88' lang='lat' dir='ltr'>ipsi</span> <span class='ocrx_word' id='word_1_44' title='bbox 282 757 556 827; x_wconf 85' lang='lat' dir='ltr'>rejiciant3</span> <span class='ocrx_word' id='word_1_45' title='bbox 599 762 653 810; x_wconf 85' lang='lat' dir='ltr'>et</span> <span class='ocrx_word' id='word_1_46' title='bbox 692 777 844 827; x_wconf 84' lang='lat' dir='ltr'>quae,</span> <span class='ocrx_word' id='word_1_47' title='bbox 887 761 1130 829; x_wconf 89' lang='lat' dir='ltr'>quamvis</span> <span class='ocrx_word' id='word_1_48' title='bbox 1173 761 1463 823; x_wconf 73' lang='lat' dir='ltr'>Catholicis</span> <span class='ocrx_word' id='word_1_49' title='bbox 1503 760 1681 812; x_wconf 89' lang='lat' dir='ltr'>minus</span> <span class='ocrx_word' id='word_1_50' title='bbox 1721 758 2008 812; x_wconf 89' lang='lat' dir='ltr'>instructis</span> <span class='ocrx_word' id='word_1_51' title='bbox 2048 758 2184 810; x_wconf 88' lang='lat' dir='ltr'>irre-</span> 
     </span>
     <span class='ocr_line' id='line_1_8' title="bbox 136 831 2185 903; baseline -0.001 -17"><span class='ocrx_word' id='word_1_52' title='bbox 136 832 421 903; x_wconf 84' lang='lat' dir='ltr'>fragabilia</span> <span class='ocrx_word' id='word_1_53' title='bbox 449 850 561 884; x_wconf 90' lang='lat' dir='ltr'>esse</span> <span class='ocrx_word' id='word_1_54' title='bbox 586 831 892 897; x_wconf 87' lang='lat' dir='ltr'>videantur,</span> <span class='ocrx_word' id='word_1_55' title='bbox 931 853 994 886; x_wconf 91' lang='lat' dir='ltr'>ex</span> <span class='ocrx_word' id='word_1_56' title='bbox 1028 835 1364 887; x_wconf 86' lang='lat' dir='ltr'>saeculorum</span> <span class='ocrx_word' id='word_1_57' title='bbox 1389 835 1556 888; x_wconf 90' lang='lat' dir='ltr'>trium</span> <span class='ocrx_word' id='word_1_58' title='bbox 1585 832 1934 903; x_wconf 73' lang='lat' dir='ltr'>experientia,</span> <span class='ocrx_word' id='word_1_59' title='bbox 1963 832 2185 885; x_wconf 87' lang='lat' dir='ltr'>inventa</span> 
     </span>
     <span class='ocr_line' id='line_1_9' title="bbox 138 906 1523 978; baseline 0.001 -18"><span class='ocrx_word' id='word_1_60' title='bbox 138 911 268 960; x_wconf 87' lang='lat' dir='ltr'>sunt</span> <span class='ocrx_word' id='word_1_61' title='bbox 308 906 370 958; x_wconf 89' lang='lat' dir='ltr'>ad</span> <span class='ocrx_word' id='word_1_62' title='bbox 414 907 808 960; x_wconf 90' lang='lat' dir='ltr'>controversias</span> <span class='ocrx_word' id='word_1_63' title='bbox 849 908 1108 961; x_wconf 89' lang='lat' dir='ltr'>finiendas</span> <span class='ocrx_word' id='word_1_64' title='bbox 1149 928 1341 978; x_wconf 88' lang='lat' dir='ltr'>parum</span> <span class='ocrx_word' id='word_1_65' title='bbox 1379 913 1523 978; x_wconf 89' lang='lat' dir='ltr'>apta.</span> 
     </span>
    </p>

    <p class='ocr_par' dir='ltr' id='par_1_3' title="bbox 135 979 2188 2828">
     <span class='ocr_line' id='line_1_10' title="bbox 287 979 2185 1051; baseline -0.001 -18"><span class='ocrx_word' id='word_1_66' title='bbox 287 979 375 1033; x_wconf 80' lang='lat' dir='ltr'>Sic</span> <span class='ocrx_word' id='word_1_67' title='bbox 422 980 548 1032; x_wconf 90' lang='lat' dir='ltr'>huic</span> <span class='ocrx_word' id='word_1_68' title='bbox 588 982 733 1049; x_wconf 89' lang='lat' dir='ltr'>parti</span> <span class='ocrx_word' id='word_1_69' title='bbox 772 983 1070 1050; x_wconf 89' lang='lat' dir='ltr'>praesentis</span> <span class='ocrx_word' id='word_1_70' title='bbox 1112 983 1373 1036; x_wconf 84' lang='lat' dir='ltr'>sermonis</span> <span class='ocrx_word' id='word_1_71' title='bbox 1413 984 1574 1036; x_wconf 88' lang='lat' dir='ltr'>finem</span> <span class='ocrx_word' id='word_1_72' title='bbox 1612 983 1857 1051; x_wconf 89' lang='lat' dir='ltr'>impono,</span> <span class='ocrx_word' id='word_1_73' title='bbox 1898 999 2185 1051; x_wconf 82' lang='lat' dir='ltr'>argumen-</span> 
     </span>
     <span class='ocr_line' id='line_1_11' title="bbox 137 1054 2188 1126; baseline -0.001 -18"><span class='ocrx_word' id='word_1_74' title='bbox 137 1055 211 1109; x_wconf 87' lang='lat' dir='ltr'>tis</span> <span class='ocrx_word' id='word_1_75' title='bbox 262 1054 412 1107; x_wconf 90' lang='lat' dir='ltr'>brevi</span> <span class='ocrx_word' id='word_1_76' title='bbox 462 1055 772 1123; x_wconf 86' lang='lat' dir='ltr'>resumptis.</span> <span class='ocrx_word' id='word_1_77' title='bbox 818 1089 884 1094; x_wconf 97' lang='lat'><strong>—</strong></span> <span class='ocrx_word' id='word_1_78' title='bbox 925 1056 1196 1110; x_wconf 88' lang='lat' dir='ltr'>Habemus</span> <span class='ocrx_word' id='word_1_79' title='bbox 1248 1058 1306 1109; x_wconf 90' lang='lat' dir='ltr'>in</span> <span class='ocrx_word' id='word_1_80' title='bbox 1350 1056 1512 1110; x_wconf 79' lang='lat' dir='ltr'>Sacra</span> <span class='ocrx_word' id='word_1_81' title='bbox 1552 1057 1836 1126; x_wconf 81' lang='lat' dir='ltr'>Scriptura</span> <span class='ocrx_word' id='word_1_82' title='bbox 1877 1054 2188 1108; x_wconf 84' lang='lat' dir='ltr'>testimonia</span> 
     </span>
     <span class='ocr_line' id='line_1_12' title="bbox 137 1129 2183 1201; baseline 0 -19"><span class='ocrx_word' id='word_1_83' title='bbox 137 1129 568 1182; x_wconf 89' lang='lat' dir='ltr'>luculentissima</span> <span class='ocrx_word' id='word_1_84' title='bbox 638 1130 909 1183; x_wconf 84' lang='lat' dir='ltr'>missionis</span> <span class='ocrx_word' id='word_1_85' title='bbox 984 1132 1231 1184; x_wconf 85' lang='lat' dir='ltr'>omnibus</span> <span class='ocrx_word' id='word_1_86' title='bbox 1305 1132 1570 1201; x_wconf 88' lang='lat' dir='ltr'>apostolis</span> <span class='ocrx_word' id='word_1_87' title='bbox 1635 1132 1790 1183; x_wconf 87' lang='lat' dir='ltr'>datae</span> <span class='ocrx_word' id='word_1_88' title='bbox 1854 1133 1908 1183; x_wconf 90' lang='lat' dir='ltr'>et</span> <span class='ocrx_word' id='word_1_89' title='bbox 1970 1129 2183 1182; x_wconf 89' lang='lat' dir='ltr'>divinae</span> 
     </span>
     <span class='ocr_line' id='line_1_13' title="bbox 136 1203 2185 1274; baseline -0.001 -18"><span class='ocrx_word' id='word_1_90' title='bbox 136 1203 475 1256; x_wconf 86' lang='lat' dir='ltr'>assistentiae</span> <span class='ocrx_word' id='word_1_91' title='bbox 515 1205 762 1273; x_wconf 80' lang='lat' dir='ltr'>omnibus</span> <span class='ocrx_word' id='word_1_92' title='bbox 804 1206 1112 1274; x_wconf 87' lang='lat' dir='ltr'>promissae.</span> <span class='ocrx_word' id='word_1_93' title='bbox 1174 1205 1319 1259; x_wconf 89' lang='lat' dir='ltr'>Haec</span> <span class='ocrx_word' id='word_1_94' title='bbox 1358 1207 1475 1258; x_wconf 90' lang='lat' dir='ltr'>loca</span> <span class='ocrx_word' id='word_1_95' title='bbox 1515 1206 1658 1258; x_wconf 88' lang='lat' dir='ltr'>clara</span> <span class='ocrx_word' id='word_1_96' title='bbox 1697 1209 1842 1269; x_wconf 88' lang='lat' dir='ltr'>sunt,</span> <span class='ocrx_word' id='word_1_97' title='bbox 1886 1206 1939 1256; x_wconf 86' lang='lat' dir='ltr'>et</span> <span class='ocrx_word' id='word_1_98' title='bbox 1978 1203 2185 1255; x_wconf 89' lang='lat' dir='ltr'>nullam</span> 
     </span>
     <span class='ocr_line' id='line_1_14' title="bbox 138 1278 2185 1346; baseline -0 -16"><span class='ocrx_word' id='word_1_99' title='bbox 138 1278 535 1346; x_wconf 87' lang='lat' dir='ltr'>interpretandi</span> <span class='ocrx_word' id='word_1_100' title='bbox 593 1278 912 1332; x_wconf 88' lang='lat' dir='ltr'>varietatem</span> <span class='ocrx_word' id='word_1_101' title='bbox 964 1281 1279 1334; x_wconf 85' lang='lat' dir='ltr'>admittunt.</span> <span class='ocrx_word' id='word_1_102' title='bbox 1380 1279 1506 1333; x_wconf 89' lang='lat' dir='ltr'>Non</span> <span class='ocrx_word' id='word_1_103' title='bbox 1562 1280 1818 1332; x_wconf 88' lang='lat' dir='ltr'>habemus</span> <span class='ocrx_word' id='word_1_104' title='bbox 1876 1279 1960 1331; x_wconf 89' lang='lat' dir='ltr'>vel</span> <span class='ocrx_word' id='word_1_105' title='bbox 2019 1297 2185 1330; x_wconf 90' lang='lat' dir='ltr'>unum</span> 
     </span>
     <span class='ocr_line' id='line_1_15' title="bbox 137 1351 2184 1423; baseline -0 -18"><span class='ocrx_word' id='word_1_106' title='bbox 137 1353 316 1405; x_wconf 92' lang='lat' dir='ltr'>locum</span> <span class='ocrx_word' id='word_1_107' title='bbox 356 1351 696 1421; x_wconf 81' lang='lat' dir='ltr'>Scripturae,</span> <span class='ocrx_word' id='word_1_108' title='bbox 750 1354 813 1406; x_wconf 87' lang='lat' dir='ltr'>de</span> <span class='ocrx_word' id='word_1_109' title='bbox 868 1358 1016 1423; x_wconf 85' lang='lat' dir='ltr'>cujus</span> <span class='ocrx_word' id='word_1_110' title='bbox 1070 1374 1194 1408; x_wconf 88' lang='lat' dir='ltr'>vero</span> <span class='ocrx_word' id='word_1_111' title='bbox 1236 1374 1396 1408; x_wconf 90' lang='lat' dir='ltr'>sensu</span> <span class='ocrx_word' id='word_1_112' title='bbox 1435 1374 1547 1407; x_wconf 89' lang='lat' dir='ltr'>non</span> <span class='ocrx_word' id='word_1_113' title='bbox 1588 1355 1928 1423; x_wconf 82' lang='lat' dir='ltr'>disputetur,</span> <span class='ocrx_word' id='word_1_114' title='bbox 1981 1352 2039 1404; x_wconf 88' lang='lat' dir='ltr'>in</span> <span class='ocrx_word' id='word_1_115' title='bbox 2078 1371 2184 1421; x_wconf 89' lang='lat' dir='ltr'>quo</span> 
     </span>
     <span class='ocr_line' id='line_1_16' title="bbox 138 1426 2187 1497; baseline 0 -19"><span class='ocrx_word' id='word_1_116' title='bbox 138 1427 342 1496; x_wconf 86' lang='lat' dir='ltr'>aliquid</span> <span class='ocrx_word' id='word_1_117' title='bbox 385 1427 642 1495; x_wconf 87' lang='lat' dir='ltr'>ejusmodi</span> <span class='ocrx_word' id='word_1_118' title='bbox 678 1426 854 1492; x_wconf 67' lang='lat' dir='ltr'>Petro,</span> <span class='ocrx_word' id='word_1_119' title='bbox 898 1430 1122 1481; x_wconf 87' lang='lat' dir='ltr'>seorsim</span> <span class='ocrx_word' id='word_1_120' title='bbox 1160 1430 1226 1481; x_wconf 89' lang='lat' dir='ltr'>ab</span> <span class='ocrx_word' id='word_1_121' title='bbox 1264 1429 1399 1492; x_wconf 89' lang='lat' dir='ltr'>aliis,</span> <span class='ocrx_word' id='word_1_122' title='bbox 1441 1429 1814 1497; x_wconf 84' lang='lat' dir='ltr'>promittatur.</span> <span class='ocrx_word' id='word_1_123' title='bbox 1894 1427 1967 1479; x_wconf 90' lang='lat' dir='ltr'>Et</span> <span class='ocrx_word' id='word_1_124' title='bbox 2008 1430 2187 1479; x_wconf 89' lang='lat' dir='ltr'>tamen</span> 
     </span>
     <span class='ocr_line' id='line_1_17' title="bbox 138 1500 2187 1570; baseline -0 -17"><span class='ocrx_word' id='word_1_125' title='bbox 138 1502 333 1554; x_wconf 83' lang='lat' dir='ltr'>volunt</span> <span class='ocrx_word' id='word_1_126' title='bbox 377 1504 626 1554; x_wconf 86' lang='lat' dir='ltr'>auctores</span> <span class='ocrx_word' id='word_1_127' title='bbox 681 1502 966 1555; x_wconf 84' lang='lat' dir='ltr'>schematis</span> <span class='ocrx_word' id='word_1_128' title='bbox 1018 1507 1080 1556; x_wconf 89' lang='lat' dir='ltr'>ut</span> <span class='ocrx_word' id='word_1_129' title='bbox 1118 1503 1363 1556; x_wconf 87' lang='lat' dir='ltr'>Romano</span> <span class='ocrx_word' id='word_1_130' title='bbox 1405 1502 1684 1566; x_wconf 86' lang='lat' dir='ltr'>Pontifici,</span> <span class='ocrx_word' id='word_1_131' title='bbox 1738 1505 1998 1570; x_wconf 90' lang='lat' dir='ltr'>tanquam</span> <span class='ocrx_word' id='word_1_132' title='bbox 2040 1500 2187 1553; x_wconf 88' lang='lat' dir='ltr'>Petri</span> 
     </span>
     <span class='ocr_line' id='line_1_18' title="bbox 138 1575 2185 1646; baseline -0 -19"><span class='ocrx_word' id='word_1_133' title='bbox 138 1576 446 1639; x_wconf 83' lang='lat' dir='ltr'>successori,</span> <span class='ocrx_word' id='word_1_134' title='bbox 489 1594 784 1628; x_wconf 87' lang='lat' dir='ltr'>asseramus</span> <span class='ocrx_word' id='word_1_135' title='bbox 825 1581 1168 1645; x_wconf 87' lang='lat' dir='ltr'>potestatem,</span> <span class='ocrx_word' id='word_1_136' title='bbox 1211 1596 1368 1646; x_wconf 89' lang='lat' dir='ltr'>quam</span> <span class='ocrx_word' id='word_1_137' title='bbox 1402 1577 1564 1630; x_wconf 88' lang='lat' dir='ltr'>Petro</span> <span class='ocrx_word' id='word_1_138' title='bbox 1605 1577 1786 1630; x_wconf 87' lang='lat' dir='ltr'>datam</span> <span class='ocrx_word' id='word_1_139' title='bbox 1826 1575 1992 1628; x_wconf 82' lang='lat' dir='ltr'>fuisse</span> <span class='ocrx_word' id='word_1_140' title='bbox 2032 1575 2185 1627; x_wconf 89' lang='lat' dir='ltr'>nullo</span> 
     </span>
     <span class='ocr_line' id='line_1_19' title="bbox 142 1648 2185 1720; baseline -0.001 -18"><span class='ocrx_word' id='word_1_141' title='bbox 142 1653 291 1702; x_wconf 89' lang='lat' dir='ltr'>certo</span> <span class='ocrx_word' id='word_1_142' title='bbox 335 1648 527 1702; x_wconf 82' lang='lat' dir='ltr'>Sacrae</span> <span class='ocrx_word' id='word_1_143' title='bbox 568 1648 880 1718; x_wconf 81' lang='lat' dir='ltr'>Scripturae</span> <span class='ocrx_word' id='word_1_144' title='bbox 919 1651 1234 1704; x_wconf 77' lang='lat' dir='ltr'>testimonio</span> <span class='ocrx_word' id='word_1_145' title='bbox 1276 1652 1495 1720; x_wconf 89' lang='lat' dir='ltr'>probari</span> <span class='ocrx_word' id='word_1_146' title='bbox 1537 1651 1727 1720; x_wconf 81' lang='lat' dir='ltr'>possit,</span> <span class='ocrx_word' id='word_1_147' title='bbox 1768 1650 1876 1703; x_wconf 88' lang='lat' dir='ltr'>nisi</span> <span class='ocrx_word' id='word_1_148' title='bbox 1916 1650 1975 1701; x_wconf 89' lang='lat' dir='ltr'>in</span> <span class='ocrx_word' id='word_1_149' title='bbox 2015 1667 2185 1718; x_wconf 90' lang='lat' dir='ltr'>quan-</span> 
     </span>
     <span class='ocr_line' id='line_1_20' title="bbox 137 1723 2186 1794; baseline -0.001 -17"><span class='ocrx_word' id='word_1_150' title='bbox 137 1727 253 1777; x_wconf 88' lang='lat' dir='ltr'>tum</span> <span class='ocrx_word' id='word_1_151' title='bbox 302 1742 421 1775; x_wconf 91' lang='lat' dir='ltr'>cum</span> <span class='ocrx_word' id='word_1_152' title='bbox 463 1724 684 1776; x_wconf 89' lang='lat' dir='ltr'>caeteris</span> <span class='ocrx_word' id='word_1_153' title='bbox 723 1726 988 1793; x_wconf 89' lang='lat' dir='ltr'>apostolis</span> <span class='ocrx_word' id='word_1_154' title='bbox 1029 1744 1144 1777; x_wconf 91' lang='lat' dir='ltr'>eam</span> <span class='ocrx_word' id='word_1_155' title='bbox 1182 1725 1478 1794; x_wconf 76' lang='lat' dir='ltr'>acceperit3</span> <span class='ocrx_word' id='word_1_156' title='bbox 1533 1744 1742 1794; x_wconf 90' lang='lat' dir='ltr'>quaque</span> <span class='ocrx_word' id='word_1_157' title='bbox 1794 1724 1841 1776; x_wconf 91' lang='lat' dir='ltr'>ei</span> <span class='ocrx_word' id='word_1_158' title='bbox 1891 1723 2114 1776; x_wconf 87' lang='lat' dir='ltr'>seorsim</span> <span class='ocrx_word' id='word_1_159' title='bbox 2156 1742 2186 1775; x_wconf 91' lang='lat' dir='ltr'>a</span> 
     </span>
     <span class='ocr_line' id='line_1_21' title="bbox 140 1798 2187 1867; baseline -0 -17"><span class='ocrx_word' id='word_1_160' title='bbox 140 1798 364 1851; x_wconf 90' lang='lat' dir='ltr'>caeteris</span> <span class='ocrx_word' id='word_1_161' title='bbox 406 1798 693 1861; x_wconf 89' lang='lat' dir='ltr'>vindicata,</span> <span class='ocrx_word' id='word_1_162' title='bbox 735 1803 1046 1867; x_wconf 87' lang='lat' dir='ltr'>sequeretur</span> <span class='ocrx_word' id='word_1_163' title='bbox 1076 1799 1327 1851; x_wconf 88' lang='lat' dir='ltr'>Divinam</span> <span class='ocrx_word' id='word_1_164' title='bbox 1355 1799 1739 1852; x_wconf 87' lang='lat' dir='ltr'>Assistentiam</span> <span class='ocrx_word' id='word_1_165' title='bbox 1781 1800 1827 1851; x_wconf 89' lang='lat' dir='ltr'>ei</span> <span class='ocrx_word' id='word_1_166' title='bbox 1866 1798 2187 1867; x_wconf 88' lang='lat' dir='ltr'>promissam</span> 
     </span>
     <span class='ocr_line' id='line_1_22' title="bbox 139 1872 2184 1942; baseline 0 -18"><span class='ocrx_word' id='word_1_167' title='bbox 139 1891 250 1924; x_wconf 90' lang='lat' dir='ltr'>non</span> <span class='ocrx_word' id='word_1_168' title='bbox 292 1872 397 1924; x_wconf 90' lang='lat' dir='ltr'>nisi</span> <span class='ocrx_word' id='word_1_169' title='bbox 437 1891 532 1941; x_wconf 87' lang='lat' dir='ltr'>per</span> <span class='ocrx_word' id='word_1_170' title='bbox 573 1891 691 1924; x_wconf 85' lang='lat' dir='ltr'>eum</span> <span class='ocrx_word' id='word_1_171' title='bbox 732 1873 960 1925; x_wconf 87' lang='lat' dir='ltr'>dandam</span> <span class='ocrx_word' id='word_1_172' title='bbox 1001 1893 1127 1937; x_wconf 63' lang='lat' dir='ltr'>esse,</span> <span class='ocrx_word' id='word_1_173' title='bbox 1171 1875 1413 1942; x_wconf 85' lang='lat' dir='ltr'>quamvis</span> <span class='ocrx_word' id='word_1_174' title='bbox 1454 1875 1570 1926; x_wconf 94' lang='lat' dir='ltr'>loca</span> <span class='ocrx_word' id='word_1_175' title='bbox 1609 1874 1838 1927; x_wconf 88' lang='lat' dir='ltr'>adducta</span> <span class='ocrx_word' id='word_1_176' title='bbox 1879 1873 2184 1935; x_wconf 87' lang='lat' dir='ltr'>ostendant,</span> 
     </span>
     <span class='ocr_line' id='line_1_23' title="bbox 139 1946 2186 2018; baseline 0 -21"><span class='ocrx_word' id='word_1_177' title='bbox 139 1965 254 1998; x_wconf 87' lang='lat' dir='ltr'>eam</span> <span class='ocrx_word' id='word_1_178' title='bbox 307 1947 381 2009; x_wconf 90' lang='lat' dir='ltr'>ei,</span> <span class='ocrx_word' id='word_1_179' title='bbox 436 1966 546 1998; x_wconf 89' lang='lat' dir='ltr'>non</span> <span class='ocrx_word' id='word_1_180' title='bbox 600 1946 706 1998; x_wconf 88' lang='lat' dir='ltr'>alio</span> <span class='ocrx_word' id='word_1_181' title='bbox 758 1948 944 2010; x_wconf 88' lang='lat' dir='ltr'>modo,</span> <span class='ocrx_word' id='word_1_182' title='bbox 999 1949 1138 2001; x_wconf 86' lang='lat' dir='ltr'>sicut</span> <span class='ocrx_word' id='word_1_183' title='bbox 1192 1967 1290 2001; x_wconf 88' lang='lat' dir='ltr'>nec</span> <span class='ocrx_word' id='word_1_184' title='bbox 1342 1949 1461 2001; x_wconf 88' lang='lat' dir='ltr'>aliis</span> <span class='ocrx_word' id='word_1_185' title='bbox 1502 1950 1709 2012; x_wconf 79' lang='lat' dir='ltr'>verbiS,</span> <span class='ocrx_word' id='word_1_186' title='bbox 1763 1967 1922 2018; x_wconf 86' lang='lat' dir='ltr'>quam</span> <span class='ocrx_word' id='word_1_187' title='bbox 1963 1947 2186 1999; x_wconf 85' lang='lat' dir='ltr'>caeteris</span> 
     </span>
     <span class='ocr_line' id='line_1_24' title="bbox 135 2021 2185 2092; baseline -0 -20"><span class='ocrx_word' id='word_1_188' title='bbox 135 2021 301 2073; x_wconf 88' lang='lat' dir='ltr'>fuisse</span> <span class='ocrx_word' id='word_1_189' title='bbox 339 2021 675 2089; x_wconf 88' lang='lat' dir='ltr'>promissam.</span> <span class='ocrx_word' id='word_1_190' title='bbox 759 2021 1104 2092; x_wconf 80' lang='lat' dir='ltr'>Privilegium</span> <span class='ocrx_word' id='word_1_191' title='bbox 1145 2023 1360 2092; x_wconf 88' lang='lat' dir='ltr'>quidem</span> <span class='ocrx_word' id='word_1_192' title='bbox 1399 2022 1562 2076; x_wconf 91' lang='lat' dir='ltr'>Petro</span> <span class='ocrx_word' id='word_1_193' title='bbox 1601 2042 1729 2091; x_wconf 88' lang='lat' dir='ltr'>prae</span> <span class='ocrx_word' id='word_1_194' title='bbox 1768 2023 1888 2074; x_wconf 88' lang='lat' dir='ltr'>aliis</span> <span class='ocrx_word' id='word_1_195' title='bbox 1928 2039 2185 2091; x_wconf 83' lang='lat' dir='ltr'>magnum</span> 
     </span>
     <span class='ocr_line' id='line_1_25' title="bbox 138 2095 2186 2165; baseline 0 -19"><span class='ocrx_word' id='word_1_196' title='bbox 138 2095 322 2147; x_wconf 86' lang='lat' dir='ltr'>datum</span> <span class='ocrx_word' id='word_1_197' title='bbox 362 2095 526 2147; x_wconf 84' lang='lat' dir='ltr'>fuisse</span> <span class='ocrx_word' id='word_1_198' title='bbox 568 2114 836 2165; x_wconf 84' lang='lat' dir='ltr'>agnosco;</span> <span class='ocrx_word' id='word_1_199' title='bbox 893 2115 1005 2148; x_wconf 89' lang='lat' dir='ltr'>nou</span> <span class='ocrx_word' id='word_1_200' title='bbox 1046 2096 1450 2165; x_wconf 83' lang='lat' dir='ltr'>Scriptuarum,</span> <span class='ocrx_word' id='word_1_201' title='bbox 1505 2098 1595 2149; x_wconf 88' lang='lat' dir='ltr'>sed</span> <span class='ocrx_word' id='word_1_202' title='bbox 1635 2097 1807 2150; x_wconf 86' lang='lat' dir='ltr'>totius</span> <span class='ocrx_word' id='word_1_203' title='bbox 1849 2096 2186 2149; x_wconf 82' lang='lat' dir='ltr'>Christianae</span> 
     </span>
     <span class='ocr_line' id='line_1_26' title="bbox 138 2168 2186 2241; baseline -0 -20"><span class='ocrx_word' id='word_1_204' title='bbox 138 2168 519 2238; x_wconf 81' lang='lat' dir='ltr'>Antiquitatis,</span> <span class='ocrx_word' id='word_1_205' title='bbox 560 2171 820 2223; x_wconf 87' lang='lat' dir='ltr'>adductus</span> <span class='ocrx_word' id='word_1_206' title='bbox 848 2172 1190 2224; x_wconf 86' lang='lat' dir='ltr'>testimonio:</span> <span class='ocrx_word' id='word_1_207' title='bbox 1236 2175 1384 2241; x_wconf 86' lang='lat' dir='ltr'>cujus</span> <span class='ocrx_word' id='word_1_208' title='bbox 1412 2172 1670 2224; x_wconf 89' lang='lat' dir='ltr'>beneficio</span> <span class='ocrx_word' id='word_1_209' title='bbox 1698 2190 1817 2223; x_wconf 88' lang='lat' dir='ltr'>eum</span> <span class='ocrx_word' id='word_1_210' title='bbox 1844 2170 2186 2222; x_wconf 88' lang='lat' dir='ltr'>infallibilem</span> 
     </span>
     <span class='ocr_line' id='line_1_27' title="bbox 140 2245 2184 2308; baseline 0 -13"><span class='ocrx_word' id='word_1_211' title='bbox 140 2262 251 2295; x_wconf 88' lang='lat' dir='ltr'>esse</span> <span class='ocrx_word' id='word_1_212' title='bbox 300 2248 541 2305; x_wconf 86' lang='lat' dir='ltr'>constat;</span> <span class='ocrx_word' id='word_1_213' title='bbox 598 2263 658 2296; x_wconf 90' lang='lat' dir='ltr'>ea</span> <span class='ocrx_word' id='word_1_214' title='bbox 700 2253 878 2297; x_wconf 83' lang='lat' dir='ltr'>tamen</span> <span class='ocrx_word' id='word_1_215' title='bbox 920 2245 1256 2308; x_wconf 84' lang='lat' dir='ltr'>conditione,</span> <span class='ocrx_word' id='word_1_216' title='bbox 1311 2250 1371 2297; x_wconf 88' lang='lat' dir='ltr'>ut</span> <span class='ocrx_word' id='word_1_217' title='bbox 1422 2247 1656 2298; x_wconf 83' lang='lat' dir='ltr'>fratrum</span> <span class='ocrx_word' id='word_1_218' title='bbox 1696 2245 1931 2298; x_wconf 87' lang='lat' dir='ltr'>consilio.</span> <span class='ocrx_word' id='word_1_219' title='bbox 1967 2247 2184 2306; x_wconf 87' lang='lat' dir='ltr'>utatur;</span> 
     </span>
     <span class='ocr_line' id='line_1_28' title="bbox 141 2317 2184 2387; baseline 0 -18"><span class='ocrx_word' id='word_1_220' title='bbox 141 2336 461 2386; x_wconf 90' lang='lat' dir='ltr'>eorumque,</span> <span class='ocrx_word' id='word_1_221' title='bbox 515 2318 572 2370; x_wconf 88' lang='lat' dir='ltr'>in</span> <span class='ocrx_word' id='word_1_222' title='bbox 614 2337 862 2387; x_wconf 87' lang='lat' dir='ltr'>supremo</span> <span class='ocrx_word' id='word_1_223' title='bbox 903 2319 1004 2371; x_wconf 89' lang='lat' dir='ltr'>hoc</span> <span class='ocrx_word' id='word_1_224' title='bbox 1043 2338 1264 2371; x_wconf 88' lang='lat' dir='ltr'>munere</span> <span class='ocrx_word' id='word_1_225' title='bbox 1306 2339 1424 2372; x_wconf 89' lang='lat' dir='ltr'>cum</span> <span class='ocrx_word' id='word_1_226' title='bbox 1463 2339 1523 2372; x_wconf 91' lang='lat' dir='ltr'>eo</span> <span class='ocrx_word' id='word_1_227' title='bbox 1565 2320 1929 2380; x_wconf 87' lang='lat' dir='ltr'>consortium,</span> <span class='ocrx_word' id='word_1_228' title='bbox 1981 2317 2184 2387; x_wconf 87' lang='lat' dir='ltr'>judicio</span> 
     </span>
     <span class='ocr_line' id='line_1_29' title="bbox 140 2392 2183 2462; baseline 0 -19"><span class='ocrx_word' id='word_1_229' title='bbox 140 2392 454 2461; x_wconf 84' lang='lat' dir='ltr'>adjuvetur,</span> <span class='ocrx_word' id='word_1_230' title='bbox 497 2397 550 2445; x_wconf 84' lang='lat' dir='ltr'>et</span> <span class='ocrx_word' id='word_1_231' title='bbox 590 2411 802 2455; x_wconf 85' lang='lat' dir='ltr'>eorum,</span> <span class='ocrx_word' id='word_1_232' title='bbox 846 2412 1075 2461; x_wconf 85' lang='lat' dir='ltr'>quorum</span> <span class='ocrx_word' id='word_1_233' title='bbox 1117 2398 1278 2462; x_wconf 81' lang='lat' dir='ltr'>caput</span> <span class='ocrx_word' id='word_1_234' title='bbox 1318 2398 1398 2446; x_wconf 90' lang='lat' dir='ltr'>est</span> <span class='ocrx_word' id='word_1_235' title='bbox 1440 2399 1492 2447; x_wconf 88' lang='lat' dir='ltr'>et</span> <span class='ocrx_word' id='word_1_236' title='bbox 1534 2413 1608 2457; x_wconf 85' lang='lat' dir='ltr'>OS,</span> <span class='ocrx_word' id='word_1_237' title='bbox 1652 2395 1870 2446; x_wconf 86' lang='lat' dir='ltr'>nomine</span> <span class='ocrx_word' id='word_1_238' title='bbox 1909 2394 2183 2461; x_wconf 87' lang='lat' dir='ltr'>loquatur.</span> 
     </span>
     <span class='ocr_line' id='line_1_30' title="bbox 141 2465 2186 2538; baseline 0 -20"><span class='ocrx_word' id='word_1_239' title='bbox 141 2465 311 2518; x_wconf 89' lang='lat' dir='ltr'>Nemo</span> <span class='ocrx_word' id='word_1_240' title='bbox 363 2470 538 2518; x_wconf 86' lang='lat' dir='ltr'>tamen</span> <span class='ocrx_word' id='word_1_241' title='bbox 594 2471 675 2519; x_wconf 88' lang='lat' dir='ltr'>est</span> <span class='ocrx_word' id='word_1_242' title='bbox 728 2467 822 2535; x_wconf 89' lang='lat' dir='ltr'>qui</span> <span class='ocrx_word' id='word_1_243' title='bbox 860 2484 971 2519; x_wconf 87' lang='lat' dir='ltr'>non</span> <span class='ocrx_word' id='word_1_244' title='bbox 1010 2467 1189 2520; x_wconf 87' lang='lat' dir='ltr'>videat</span> <span class='ocrx_word' id='word_1_245' title='bbox 1229 2487 1389 2536; x_wconf 85' lang='lat' dir='ltr'>quam</span> <span class='ocrx_word' id='word_1_246' title='bbox 1429 2469 1590 2538; x_wconf 83' lang='lat' dir='ltr'>longe</span> <span class='ocrx_word' id='word_1_247' title='bbox 1630 2468 1795 2520; x_wconf 82' lang='lat' dir='ltr'>distet</span> <span class='ocrx_word' id='word_1_248' title='bbox 1833 2467 1978 2520; x_wconf 86' lang='lat' dir='ltr'>istud</span> <span class='ocrx_word' id='word_1_249' title='bbox 2018 2466 2186 2534; x_wconf 90' lang='lat' dir='ltr'>privi-</span> 
     </span>
     <span class='ocr_line' id='line_1_31' title="bbox 141 2540 2183 2610; baseline 0 -18"><span class='ocrx_word' id='word_1_250' title='bbox 141 2540 341 2610; x_wconf 83' lang='lat' dir='ltr'>legium</span> <span class='ocrx_word' id='word_1_251' title='bbox 380 2559 411 2591; x_wconf 85' lang='lat' dir='ltr'>a</span> <span class='ocrx_word' id='word_1_252' title='bbox 451 2540 593 2593; x_wconf 89' lang='lat' dir='ltr'>votis</span> <span class='ocrx_word' id='word_1_253' title='bbox 647 2560 832 2593; x_wconf 88' lang='lat' dir='ltr'>eorum</span> <span class='ocrx_word' id='word_1_254' title='bbox 873 2542 989 2609; x_wconf 88' lang='lat' dir='ltr'>qui,</span> <span class='ocrx_word' id='word_1_255' title='bbox 1046 2542 1189 2593; x_wconf 88' lang='lat' dir='ltr'>haud</span> <span class='ocrx_word' id='word_1_256' title='bbox 1242 2542 1357 2594; x_wconf 89' lang='lat' dir='ltr'>sine</span> <span class='ocrx_word' id='word_1_257' title='bbox 1400 2542 1725 2596; x_wconf 85' lang='lat' dir='ltr'>contumelia</span> <span class='ocrx_word' id='word_1_258' title='bbox 1765 2541 2183 2604; x_wconf 85' lang='lat' dir='ltr'>adversantium,</span> 
     </span>
     <span class='ocr_line' id='line_1_32' title="bbox 142 2614 2183 2683; baseline 0 -16"><span class='ocrx_word' id='word_1_259' title='bbox 142 2614 382 2683; x_wconf 87' lang='lat' dir='ltr'>antiquis</span> <span class='ocrx_word' id='word_1_260' title='bbox 448 2615 547 2667; x_wconf 89' lang='lat' dir='ltr'>viis</span> <span class='ocrx_word' id='word_1_261' title='bbox 613 2615 880 2668; x_wconf 88' lang='lat' dir='ltr'>Ecclesiae</span> <span class='ocrx_word' id='word_1_262' title='bbox 944 2616 1350 2679; x_wconf 86' lang='lat' dir='ltr'>insistentium,</span> <span class='ocrx_word' id='word_1_263' title='bbox 1429 2617 1771 2670; x_wconf 90' lang='lat' dir='ltr'>Pontificiam</span> <span class='ocrx_word' id='word_1_264' title='bbox 1836 2616 2183 2678; x_wconf 88' lang='lat' dir='ltr'>Potestatem,</span> 
     </span>
     <span class='ocr_line' id='line_1_33' title="bbox 144 2689 2186 2760; baseline 0 -19"><span class='ocrx_word' id='word_1_265' title='bbox 144 2689 326 2741; x_wconf 87' lang='lat' dir='ltr'>divina</span> <span class='ocrx_word' id='word_1_266' title='bbox 390 2707 484 2741; x_wconf 91' lang='lat' dir='ltr'>sua</span> <span class='ocrx_word' id='word_1_267' title='bbox 550 2689 762 2759; x_wconf 85' lang='lat' dir='ltr'>origine</span> <span class='ocrx_word' id='word_1_268' title='bbox 826 2709 1110 2760; x_wconf 79' lang='lat' dir='ltr'>magnam,</span> <span class='ocrx_word' id='word_1_269' title='bbox 1187 2691 1377 2743; x_wconf 89' lang='lat' dir='ltr'>deinde</span> <span class='ocrx_word' id='word_1_270' title='bbox 1441 2692 1667 2744; x_wconf 88' lang='lat' dir='ltr'>decursu</span> <span class='ocrx_word' id='word_1_271' title='bbox 1731 2691 2066 2744; x_wconf 88' lang='lat' dir='ltr'>saeculorum</span> <span class='ocrx_word' id='word_1_272' title='bbox 2129 2689 2186 2741; x_wconf 90' lang='lat' dir='ltr'>in</span> 
     </span>
     <span class='ocr_line' id='line_1_34' title="bbox 144 2763 1724 2828; baseline 0.002 -13"><span class='ocrx_word' id='word_1_273' title='bbox 144 2763 462 2815; x_wconf 88' lang='lat' dir='ltr'>immensum</span> <span class='ocrx_word' id='word_1_274' title='bbox 502 2768 729 2828; x_wconf 87' lang='lat' dir='ltr'>auctam,</span> <span class='ocrx_word' id='word_1_275' title='bbox 771 2764 938 2819; x_wconf 76' lang='lat' dir='ltr'>solam</span> <span class='ocrx_word' id='word_1_276' title='bbox 978 2783 1089 2817; x_wconf 88' lang='lat' dir='ltr'>esse</span> <span class='ocrx_word' id='word_1_277' title='bbox 1129 2766 1186 2816; x_wconf 89' lang='lat' dir='ltr'>in</span> <span class='ocrx_word' id='word_1_278' title='bbox 1226 2765 1466 2818; x_wconf 83' lang='lat' dir='ltr'>Ecclesia</span> <span class='ocrx_word' id='word_1_279' title='bbox 1505 2766 1724 2818; x_wconf 89' lang='lat' dir='ltr'>velint.¹</span> 
     </span>
    </p>
   </div>
   <div class='ocr_carea' id='block_1_3' title="bbox 141 2953 2186 3606">
    <p class='ocr_par' dir='ltr' id='par_1_4' title="bbox 141 2953 2186 3606">
     <span class='ocr_line' id='line_1_35' title="bbox 267 2953 2183 3011; baseline -0.001 -13"><span class='ocrx_word' id='word_1_280' title='bbox 267 2953 282 2978; x_wconf 81' lang='lat'>¹</span> <span class='ocrx_word' id='word_1_281' title='bbox 312 2955 498 2998; x_wconf 86' lang='lat' dir='ltr'>Litteris</span> <span class='ocrx_word' id='word_1_282' title='bbox 543 2955 595 2998; x_wconf 84' lang='lat' dir='ltr'>ad</span> <span class='ocrx_word' id='word_1_283' title='bbox 636 2956 923 2999; x_wconf 86' lang='lat' dir='ltr'>Parisiensem</span> <span class='ocrx_word' id='word_1_284' title='bbox 967 2954 1374 3011; x_wconf 86' lang='lat' dir='ltr'>Archiepiscopum‚</span> <span class='ocrx_word' id='word_1_285' title='bbox 1421 2955 1489 2999; x_wconf 88' lang='lat' dir='ltr'>die</span> <span class='ocrx_word' id='word_1_286' title='bbox 1534 2958 1625 2998; x_wconf 58' lang='grc' dir='ltr'>24ω</span> <span class='ocrx_word' id='word_1_287' title='bbox 1658 2955 1859 2999; x_wconf 85' lang='lat' dir='ltr'>Octobris</span> <span class='ocrx_word' id='word_1_288' title='bbox 1895 2956 2021 2998; x_wconf 80' lang='lat'>1865.</span> <span class='ocrx_word' id='word_1_289' title='bbox 2054 2954 2183 3006; x_wconf 75' lang='lat' dir='ltr'>datis,</span> 
     </span>
     <span class='ocr_line' id='line_1_36' title="bbox 145 3013 2186 3070; baseline -0.001 -12"><span class='ocrx_word' id='word_1_290' title='bbox 145 3015 348 3059; x_wconf 83' lang='lat' dir='ltr'>Pontifex</span> <span class='ocrx_word' id='word_1_291' title='bbox 405 3015 488 3058; x_wconf 89' lang='lat' dir='ltr'>sibi</span> <span class='ocrx_word' id='word_1_292' title='bbox 549 3015 788 3059; x_wconf 82' lang='lat' dir='ltr'>vindicavit</span> <span class='ocrx_word' id='word_1_293' title='bbox 844 3014 1120 3058; x_wconf 80' lang='lat' dir='ltr'>Ordinariam</span> <span class='ocrx_word' id='word_1_294' title='bbox 1176 3018 1442 3069; x_wconf 78' lang='lat' dir='ltr'>potestatem</span> <span class='ocrx_word' id='word_1_295' title='bbox 1495 3016 1538 3058; x_wconf 93' lang='lat' dir='ltr'>in</span> <span class='ocrx_word' id='word_1_296' title='bbox 1593 3014 1790 3070; x_wconf 81' lang='lat' dir='ltr'>singulas</span> <span class='ocrx_word' id='word_1_297' title='bbox 1842 3015 2045 3057; x_wconf 81' lang='lat' dir='ltr'>dioceses.</span> <span class='ocrx_word' id='word_1_298' title='bbox 2134 3013 2186 3056; x_wconf 89' lang='lat' dir='ltr'>In</span> 
     </span>
     <span class='ocr_line' id='line_1_37' title="bbox 147 3073 2186 3129; baseline -0.001 -12"><span class='ocrx_word' id='word_1_299' title='bbox 147 3075 374 3118; x_wconf 83' lang='lat' dir='ltr'>Schemate</span> <span class='ocrx_word' id='word_1_300' title='bbox 406 3075 457 3117; x_wconf 88' lang='lat' dir='ltr'>de</span> <span class='ocrx_word' id='word_1_301' title='bbox 491 3074 683 3117; x_wconf 81' lang='lat' dir='ltr'>Romano</span> <span class='ocrx_word' id='word_1_302' title='bbox 715 3075 931 3117; x_wconf 80' lang='lat' dir='ltr'>Pontifixe</span> <span class='ocrx_word' id='word_1_303' title='bbox 965 3074 1137 3123; x_wconf 73' lang='lat' dir='ltr'>dieitur,</span> <span class='ocrx_word' id='word_1_304' title='bbox 1173 3075 1212 3116; x_wconf 90' lang='lat' dir='ltr'>ei</span> <span class='ocrx_word' id='word_1_305' title='bbox 1243 3078 1486 3129; x_wconf 82' lang='lat' dir='ltr'>competere</span> <span class='ocrx_word' id='word_1_306' title='bbox 1519 3074 1781 3117; x_wconf 82' lang='lat' dir='ltr'>ordinariam</span> <span class='ocrx_word' id='word_1_307' title='bbox 1813 3077 1857 3116; x_wconf 87' lang='lat' dir='ltr'>et</span> <span class='ocrx_word' id='word_1_308' title='bbox 1888 3073 2186 3117; x_wconf 87' lang='lat' dir='ltr'>immediatam</span> 
     </span>
     <span class='ocr_line' id='line_1_38' title="bbox 141 3130 2185 3189; baseline 0 -13"><span class='ocrx_word' id='word_1_309' title='bbox 141 3133 484 3189; x_wconf 84' lang='lat' dir='ltr'>jurisdictionem</span> <span class='ocrx_word' id='word_1_310' title='bbox 514 3135 561 3176; x_wconf 92' lang='lat' dir='ltr'>in</span> <span class='ocrx_word' id='word_1_311' title='bbox 583 3134 796 3177; x_wconf 84' lang='lat' dir='ltr'>Universa</span> <span class='ocrx_word' id='word_1_312' title='bbox 821 3133 1012 3177; x_wconf 80' lang='lat' dir='ltr'>Ecclesia</span> <span class='ocrx_word' id='word_1_313' title='bbox 1069 3130 1175 3174; x_wconf 88' lang='lat' dir='ltr'>Cum</span> <span class='ocrx_word' id='word_1_314' title='bbox 1205 3133 1310 3176; x_wconf 85' lang='lat' dir='ltr'>haec</span> <span class='ocrx_word' id='word_1_315' title='bbox 1332 3134 1449 3176; x_wconf 87' lang='lat' dir='ltr'>dicta</span> <span class='ocrx_word' id='word_1_316' title='bbox 1471 3135 1574 3182; x_wconf 85' lang='lat' dir='ltr'>sint,</span> <span class='ocrx_word' id='word_1_317' title='bbox 1609 3133 1730 3176; x_wconf 75' lang='lat' dir='ltr'>nulla</span> <span class='ocrx_word' id='word_1_318' title='bbox 1763 3133 1880 3176; x_wconf 85' lang='lat' dir='ltr'>facta</span> <span class='ocrx_word' id='word_1_319' title='bbox 1901 3133 2185 3183; x_wconf 80' lang='lat' dir='ltr'>distinctione</span> 
     </span>
     <span class='ocr_line' id='line_1_39' title="bbox 145 3191 2185 3250; baseline -0 -14"><span class='ocrx_word' id='word_1_320' title='bbox 145 3194 262 3237; x_wconf 83' lang='lat' dir='ltr'>inter</span> <span class='ocrx_word' id='word_1_321' title='bbox 292 3195 560 3250; x_wconf 85' lang='lat' dir='ltr'>potestatem</span> <span class='ocrx_word' id='word_1_322' title='bbox 592 3192 864 3236; x_wconf 64' lang='lat' dir='ltr'>ordinariam</span> <span class='ocrx_word' id='word_1_323' title='bbox 896 3207 967 3235; x_wconf 80' lang='lat' dir='ltr'>seu</span> <span class='ocrx_word' id='word_1_324' title='bbox 1005 3192 1301 3247; x_wconf 81' lang='lat' dir='ltr'>Episcopalcm</span> <span class='ocrx_word' id='word_1_325' title='bbox 1321 3226 1330 3244; x_wconf 93' lang='lat'>‚</span> <span class='ocrx_word' id='word_1_326' title='bbox 1380 3195 1424 3235; x_wconf 87' lang='lat' dir='ltr'>et</span> <span class='ocrx_word' id='word_1_327' title='bbox 1457 3191 1728 3236; x_wconf 82' lang='lat' dir='ltr'>Ordinariam</span> <span class='ocrx_word' id='word_1_328' title='bbox 1763 3192 2107 3236; x_wconf 82' lang='lat' dir='ltr'>Patriarchalem</span> <span class='ocrx_word' id='word_1_329' title='bbox 2140 3195 2185 3236; x_wconf 87' lang='lat' dir='ltr'>et</span> 
     </span>
     <span class='ocr_line' id='line_1_40' title="bbox 147 3251 2184 3309; baseline -0 -14"><span class='ocrx_word' id='word_1_330' title='bbox 147 3252 474 3302; x_wconf 83' lang='lat' dir='ltr'>Primatialem‚</span> <span class='ocrx_word' id='word_1_331' title='bbox 508 3252 729 3296; x_wconf 86' lang='lat' dir='ltr'>videretur</span> <span class='ocrx_word' id='word_1_332' title='bbox 761 3254 880 3309; x_wconf 90' lang='lat' dir='ltr'>sequi</span> <span class='ocrx_word' id='word_1_333' title='bbox 914 3251 1168 3294; x_wconf 82' lang='lat' dir='ltr'>Pontificem</span> <span class='ocrx_word' id='word_1_334' title='bbox 1204 3265 1296 3294; x_wconf 88' lang='lat' dir='ltr'>esse</span> <span class='ocrx_word' id='word_1_335' title='bbox 1329 3265 1478 3294; x_wconf 84' lang='lat' dir='ltr'>revera</span> <span class='ocrx_word' id='word_1_336' title='bbox 1509 3251 1787 3295; x_wconf 85' lang='lat' dir='ltr'>Ordinarium</span> <span class='ocrx_word' id='word_1_337' title='bbox 1818 3266 1893 3295; x_wconf 88' lang='lat' dir='ltr'>seu</span> <span class='ocrx_word' id='word_1_338' title='bbox 1923 3252 2184 3308; x_wconf 87' lang='lat' dir='ltr'>Episcopum</span> 
     </span>
     <span class='ocr_line' id='line_1_41' title="bbox 146 3310 2185 3368; baseline -0.001 -14"><span class='ocrx_word' id='word_1_339' title='bbox 146 3312 482 3368; x_wconf 84' lang='lat' dir='ltr'>uniuscujusque</span> <span class='ocrx_word' id='word_1_340' title='bbox 540 3311 754 3354; x_wconf 88' lang='lat' dir='ltr'>dioceseos</span> <span class='ocrx_word' id='word_1_341' title='bbox 802 3312 919 3354; x_wconf 88' lang='lat' dir='ltr'>orbis</span> <span class='ocrx_word' id='word_1_342' title='bbox 965 3311 1201 3353; x_wconf 79' lang='lat' dir='ltr'>christiani.</span> <span class='ocrx_word' id='word_1_343' title='bbox 1297 3310 1430 3353; x_wconf 87' lang='lat' dir='ltr'>Juxta</span> <span class='ocrx_word' id='word_1_344' title='bbox 1478 3315 1703 3355; x_wconf 86' lang='lat' dir='ltr'>auctorem</span> <span class='ocrx_word' id='word_1_345' title='bbox 1749 3311 1880 3363; x_wconf 71' lang='lat' dir='ltr'>libri,</span> <span class='ocrx_word' id='word_1_346' title='bbox 1926 3311 1997 3354; x_wconf 88' lang='lat' dir='ltr'>De</span> <span class='ocrx_word' id='word_1_347' title='bbox 2043 3311 2185 3355; x_wconf 75' lang='lat' dir='ltr'>Curia</span> 
     </span>
     <span class='ocr_line' id='line_1_42' title="bbox 149 3369 2185 3426; baseline -0.001 -12"><span class='ocrx_word' id='word_1_348' title='bbox 149 3371 372 3426; x_wconf 77' lang='lat' dir='ltr'>Romana,</span> <span class='ocrx_word' id='word_1_349' title='bbox 410 3371 485 3426; x_wconf 90' lang='lat' dir='ltr'>qui</span> <span class='ocrx_word' id='word_1_350' title='bbox 515 3370 760 3426; x_wconf 88' lang='lat' dir='ltr'>quindecim</span> <span class='ocrx_word' id='word_1_351' title='bbox 792 3384 928 3414; x_wconf 84' lang='lat' dir='ltr'>annos</span> <span class='ocrx_word' id='word_1_352' title='bbox 964 3371 1120 3412; x_wconf 75' lang='lat' dir='ltr'>Romae</span> <span class='ocrx_word' id='word_1_353' title='bbox 1152 3369 1275 3420; x_wconf 84' lang='lat' dir='ltr'>vixit,</span> <span class='ocrx_word' id='word_1_354' title='bbox 1310 3369 1514 3414; x_wconf 82' lang='lat' dir='ltr'>Pontifex</span> <span class='ocrx_word' id='word_1_355' title='bbox 1546 3373 1613 3413; x_wconf 86' lang='lat' dir='ltr'>est</span> <span class='ocrx_word' id='word_1_356' title='bbox 1645 3370 1899 3414; x_wconf 83' lang='lat' dir='ltr'>Ordinarius</span> <span class='ocrx_word' id='word_1_357' title='bbox 1932 3371 2185 3414; x_wconf 67' lang='lat' dir='ltr'>exclusivus</span> 
     </span>
     <span class='ocr_line' id='line_1_43' title="bbox 149 3427 2184 3486; baseline 0 -13"><span class='ocrx_word' id='word_1_358' title='bbox 149 3430 338 3473; x_wconf 90' lang='lat' dir='ltr'>omnium</span> <span class='ocrx_word' id='word_1_359' title='bbox 371 3430 624 3473; x_wconf 84' lang='lat' dir='ltr'>Missionum</span> <span class='ocrx_word' id='word_1_360' title='bbox 658 3443 750 3485; x_wconf 86' lang='lat' dir='ltr'>quae</span> <span class='ocrx_word' id='word_1_361' title='bbox 784 3430 924 3472; x_wconf 79' lang='lat' dir='ltr'>Sacrae</span> <span class='ocrx_word' id='word_1_362' title='bbox 958 3428 1303 3484; x_wconf 47' lang='lat' dir='ltr'>Congu-errationi</span> <span class='ocrx_word' id='word_1_363' title='bbox 1335 3427 1386 3471; x_wconf 79' lang='lat' dir='ltr'>cle</span> <span class='ocrx_word' id='word_1_364' title='bbox 1421 3429 1730 3486; x_wconf 76' lang='lat' dir='ltr'>P1·opa9anda</span> <span class='ocrx_word' id='word_1_365' title='bbox 1762 3429 1879 3472; x_wconf 59' lang='lat' dir='ltr'>Fide</span> <span class='ocrx_word' id='word_1_366' title='bbox 1909 3431 2155 3474; x_wconf 75' lang='lat' dir='ltr'>subduntur</span> <span class='ocrx_word' id='word_1_367' title='bbox 2173 3447 2184 3481; x_wconf 89' lang='lat'>;</span> 
     </span>
     <span class='ocr_line' id='line_1_44' title="bbox 152 3487 2185 3547; baseline -0 -15"><span class='ocrx_word' id='word_1_368' title='bbox 152 3489 258 3533; x_wconf 87' lang='lat' dir='ltr'>adeo</span> <span class='ocrx_word' id='word_1_369' title='bbox 290 3491 338 3531; x_wconf 87' lang='lat' dir='ltr'>ut</span> <span class='ocrx_word' id='word_1_370' title='bbox 370 3503 454 3532; x_wconf 92' lang='lat' dir='ltr'>non</span> <span class='ocrx_word' id='word_1_371' title='bbox 488 3490 546 3531; x_wconf 85' lang='lat' dir='ltr'>sit</span> <span class='ocrx_word' id='word_1_372' title='bbox 577 3487 696 3531; x_wconf 81' lang='lat' dir='ltr'>aliud</span> <span class='ocrx_word' id='word_1_373' title='bbox 718 3488 947 3532; x_wconf 86' lang='lat' dir='ltr'>discrimen</span> <span class='ocrx_word' id='word_1_374' title='bbox 980 3490 1095 3530; x_wconf 88' lang='lat' dir='ltr'>inter</span> <span class='ocrx_word' id='word_1_375' title='bbox 1118 3487 1615 3543; x_wconf 80' lang='lat' dir='ltr'>VicariosApostolicos,</span> <span class='ocrx_word' id='word_1_376' title='bbox 1650 3493 1694 3532; x_wconf 87' lang='lat' dir='ltr'>et</span> <span class='ocrx_word' id='word_1_377' title='bbox 1725 3491 1947 3547; x_wconf 84' lang='lat' dir='ltr'>episcopos</span> <span class='ocrx_word' id='word_1_378' title='bbox 1977 3489 2185 3532; x_wconf 86' lang='lat' dir='ltr'>titulares</span> 
     </span>
     <span class='ocr_line' id='line_1_45' title="bbox 153 3546 2184 3606; baseline 0 -16"><span class='ocrx_word' id='word_1_379' title='bbox 153 3549 226 3606; x_wconf 91' lang='lat' dir='ltr'>qui</span> <span class='ocrx_word' id='word_1_380' title='bbox 274 3548 328 3590; x_wconf 89' lang='lat' dir='ltr'>iis</span> <span class='ocrx_word' id='word_1_381' title='bbox 371 3547 678 3597; x_wconf 84' lang='lat' dir='ltr'>missionibus,</span> <span class='ocrx_word' id='word_1_382' title='bbox 725 3547 1043 3603; x_wconf 76' lang='lat' dir='ltr'>praeficiantur,</span> <span class='ocrx_word' id='word_1_383' title='bbox 1091 3559 1222 3602; x_wconf 89' lang='lat' dir='ltr'>quam</span> <span class='ocrx_word' id='word_1_384' title='bbox 1252 3546 1364 3602; x_wconf 87' lang='lat' dir='ltr'>quod</span> <span class='ocrx_word' id='word_1_385' title='bbox 1406 3548 1484 3591; x_wconf 89' lang='lat' dir='ltr'>isti</span> <span class='ocrx_word' id='word_1_386' title='bbox 1514 3549 1606 3592; x_wconf 89' lang='lat' dir='ltr'>sint</span> <span class='ocrx_word' id='word_1_387' title='bbox 1635 3548 1890 3604; x_wconf 66' lang='lat' dir='ltr'>ordinarii,</span> <span class='ocrx_word' id='word_1_388' title='bbox 1933 3549 2002 3593; x_wconf 88' lang='lat' dir='ltr'>illi</span> <span class='ocrx_word' id='word_1_389' title='bbox 2033 3553 2184 3592; x_wconf 88' lang='lat' dir='ltr'>autem</span> 
     </span>
    </p>
   </div>
   <div class='ocr_carea' id='block_1_4' title="bbox 155 3603 2248 3652">
    <p class='ocr_par' dir='ltr' id='par_1_5' title="bbox 155 3603 2248 3652">
     <span class='ocr_line' id='line_1_46' title="bbox 155 3603 2248 3652; baseline -0 -1"><span class='ocrx_word' id='word_1_390' title='bbox 155 3606 517 3651; x_wconf 64' lang='lat' dir='ltr'>extraordinarii</span> <span class='ocrx_word' id='word_1_391' title='bbox 550 3605 778 3649; x_wconf 87' lang='lat' dir='ltr'>Pontificis</span> <span class='ocrx_word' id='word_1_392' title='bbox 810 3606 985 3651; x_wconf 84' lang='lat' dir='ltr'>Vicarii.</span> <span class='ocrx_word' id='word_1_393' title='bbox 1038 3603 1131 3647; x_wconf 70' lang='lat' dir='ltr'>Die</span> <span class='ocrx_word' id='word_1_394' title='bbox 1161 3605 1419 3648; x_wconf 70' lang='lat' dir='ltr'>Roemische</span> <span class='ocrx_word' id='word_1_395' title='bbox 1451 3606 1584 3651; x_wconf 66' lang='lat' dir='ltr'>Curia</span> <span class='ocrx_word' id='word_1_396' title='bbox 1648 3609 1861 3652; x_wconf 72' lang='lat' dir='ltr'>BANGEN.</span> <span class='ocrx_word' id='word_1_397' title='bbox 1897 3633 1946 3640; x_wconf 86' lang='lat'><strong>—</strong></span> <span class='ocrx_word' id='word_1_398' title='bbox 1983 3609 2186 3652; x_wconf 80' lang='lat' dir='ltr'>Miinster</span> <span class='ocrx_word' id='word_1_399' title='bbox 2245 3622 2248 3625; x_wconf 56' lang='lat'><em>⁴</em></span> 
     </span>
    </p>
   </div>
   <div class='ocr_carea' id='block_1_5' title="bbox 159 3664 2182 3738">
    <p class='ocr_par' dir='ltr' id='par_1_6' title="bbox 159 3664 2182 3738">
     <span class='ocr_line' id='line_1_47' title="bbox 159 3664 2182 3738; baseline 0 -27"><span class='ocrx_word' id='word_1_400' title='bbox 159 3669 286 3712; x_wconf 78' lang='lat'>1854.</span> <span class='ocrx_word' id='word_1_401' title='bbox 317 3681 358 3726; x_wconf 86' lang='lat' dir='ltr'>p.</span> <span class='ocrx_word' id='word_1_402' title='bbox 388 3668 492 3728; x_wconf 82' lang='lat'>263.</span> <span class='ocrx_word' id='word_1_403' title='bbox 527 3688 583 3696; x_wconf 86' lang='lat'>-·-</span> <span class='ocrx_word' id='word_1_404' title='bbox 614 3664 811 3727; x_wconf 83' lang='lat' dir='ltr'>Sublatis</span> <span class='ocrx_word' id='word_1_405' title='bbox 844 3664 1146 3716; x_wconf 86' lang='lat' dir='ltr'>Concordatis‚</span> <span class='ocrx_word' id='word_1_406' title='bbox 1180 3664 1317 3737; x_wconf 73' lang='lat' dir='ltr'>quod,</span> <span class='ocrx_word' id='word_1_407' title='bbox 1349 3665 1583 3715; x_wconf 81' lang='lat' dir='ltr'>Pontificia.</span> <span class='ocrx_word' id='word_1_408' title='bbox 1611 3667 1935 3738; x_wconf 74' lang='lat' dir='ltr'>infallibilitate</span> <span class='ocrx_word' id='word_1_409' title='bbox 1967 3666 2182 3724; x_wconf 83' lang='lat' dir='ltr'>stabilita,</span> 
     </span>
    </p>
   </div>
  </div>
 </body>
</html>
