2612 4062
2042 312 2149 362 243

114 438 225 492 ulla
263 438 566 508 suspicione
592 440 875 511 adoptans,
915 463 1028 499 non
1055 448 1198 516 quod
1224 449 1373 504 fraus
1400 452 1582 521 aliqua
1606 453 1664 506 in
1691 453 1866 522 prima
1893 454 2151 508 citatione

111 513 306 577 fuerit,
359 514 449 566 sed
478 518 879 580 ,tantummodo
919 519 1144 574 incuria.
1223 523 1369 589 Hoc,
1411 517 1672 595 ejusmodi
1712 527 1831 581 aliis
1872 530 2147 598 exempliS,

111 587 402 652 adductUS‚
464 589 667 641 nemini
725 594 1072 659 quantumvis
1123 595 1283 650 docto
1337 602 1391 652 et
1441 605 1628 653 sancto
1685 602 1743 654 in
1797 602 2150 656 citationibus

112 661 378 714 fidendum
422 662 570 727 duxi,
612 681 731 716 cum
772 666 924 734 copia
964 667 1119 722 fieret
1157 664 1404 725 auctores
1446 674 1640 728 citatos
1679 676 1926 729 adeundi.

913 757 947 783 b

858 889 1410 952 APPENDIX

1100 1051 1146 1104 E

409 1194 703 1249 CONCILIUM
743 1196 1156 1254 BALTIMORENSE
1197 1202 1511 1256 PLENARIUM
1552 1204 1854 1260 SECUNDUM.

254 1328 474 1382 Dictum
523 1329 581 1382 in
621 1331 880 1385 concione
918 1335 1090 1406 exigit
1128 1337 1343 1389 brevem
1382 1340 1751 1393 narrationem
1790 1360 1976 1395 eorum
2015 1362 2149 1412 quae

106 1403 163 1456 in
202 1403 305 1456 hoc
346 1403 588 1458 Concilio
642 1407 1010 1477 contigerunt.
1090 1410 1374 1480 Inceptum
1417 1416 1498 1465 est
1538 1413 1619 1466 die
1662 1420 1767 1467 75⁰⁰
1803 1415 2055 1470 Octobris
2095 1422 2149 1471 et

107 1478 323 1531 finitum
374 1478 458 1531 die
511 1484 654 1532 21.¹¹¹⁰
682 1481 918 1550 ejusdem
958 1485 1183 1549 mensis,
1239 1489 1467 1556 utraque
1506 1487 1848 1544 Dominicali.
1927 1491 2148 1545 Praeter

106 1553 369 1606 solemnes
409 1554 671 1607 sessiones
711 1555 897 1610 diebus
936 1558 1021 1611 his
1061 1560 1290 1625 habitas,
1331 1566 1493 1614 erunt
1531 1563 1664 1615 duae
1704 1565 1919 1629 alterae,
1962 1566 2147 1619 diebus

104 1626 460 1693 intermediiS,
503 1647 694 1698 nempe
740 1635 881 1683 ll.ma
914 1636 968 1685 et
1005 1638 1142 1686 18.mn
1163 1653 1392 1704 quarum
1432 1636 1625 1689 ultima
1653 1642 1867 1691 tantum
1895 1641 2146 1692 solemnis

105 1701 357 1755 sessionis
396 1703 613 1756 nomine
650 1704 814 1769 venit,
857 1707 1099 1775 quamvis
1139 1709 1326 1774 altera,
1370 1710 1750 1764 defunctorum
1777 1714 2148 1783 episcoporum

105 1775 383 1830 animabus
436 1778 712 1846 expiandis
766 1779 1039 1845 dedicata,
1091 1802 1257 1852 aeque
1309 1784 1529 1838 obstitit
1580 1805 1644 1838 ne
1694 1787 1910 1857 integra
1957 1789 2146 1841 saltem

104 1850 215 1903 dies
267 1852 686 1905 tractationibus
728 1853 1124 1910 Conciliaribus
1165 1859 1403 1911 daretur.
1498 1858 1585 1912 Sic
1637 1860 1743 1913 ista
1783 1863 2039 1915 tractatio
2080 1864 2146 1915 ad

106 1924 215 1978 dies
257 1925 451 1990 decem,
492 1930 586 1979 aut
614 1928 860 1981 undecim
899 1931 1115 1984 redacta
1155 1938 1251 1986 est.
1324 1933 1480 1985 Intra
1519 1934 1664 1986 istud
1704 1936 1860 1988 breve
1887 1938 2147 2005 temporis

106 1999 365 2068 spatium,
414 2019 547 2070 quae
594 2001 651 2054 in
693 2007 798 2056 274
838 2005 1054 2075 paginis
1095 2006 1223 2059 libri
1261 2008 1464 2060 formae
1503 2009 1756 2078 largioris
1798 2011 2146 2064 continentur

106 2073 345 2138 decreta,
399 2075 511 2128 lata
550 2094 661 2129 esse
699 2078 969 2132 videntur.
1051 2079 1244 2134 Omnia
1284 2082 1481 2150 quippe
1521 2092 1805 2153 antequam
1847 2084 2146 2137 Concilium

103 2147 378 2218 inceptum
429 2154 536 2214 est,
587 2159 776 2220 parata
827 2158 1009 2219 erant,
1068 2156 1209 2208 curis
1268 2156 1677 2226 Archiepiscopi
1717 2158 2144 2223 BaltimorensiS,

103 2222 321 2276 adscitis
371 2224 618 2293 pluribus
668 2227 968 2299 theologiS,
1022 2234 1077 2283 et
1117 2231 1510 2283 nonnullorum
1551 2231 1711 2284 etiam
1752 2233 2141 2302 episcoporum,

105 2315 337 2365 quorum
375 2318 514 2351 unus
555 2318 653 2370 ego
695 2302 871 2366 extiti,
913 2304 1115 2357 auxilio
1156 2305 1344 2374 adjuti.

254 2372 408 2437 Cum,
462 2378 695 2443 quatuor
749 2377 939 2445 primis
994 2378 1205 2443 diebus,
1260 2398 1320 2431 ea
1372 2397 1505 2448 quae
1558 2380 1699 2433 facta
1739 2380 1970 2433 fuissent
2012 2381 2143 2433 mihi

103 2445 418 2500 viderentur
469 2448 560 2500 vix
612 2450 976 2505 conciliariter
1033 2453 1204 2516 facta,
1260 2453 1343 2505 die
1402 2459 1535 2506 12.““ο
1577 2454 1855 2520 OctobriS,
1905 2456 1962 2507 in
2005 2456 2145 2508 Con-

103 2521 421 2591 gregatione
472 2522 675 2585 Quinta
732 2525 978 2592 Privata,
1039 2527 1215 2580 obtuli
1273 2546 1498 2597 sequens
1561 2529 1862 2594 decretum,
1923 2548 2143 2598 sperans

104 2595 220 2648 fore
258 2599 320 2648 ut
357 2596 415 2648 in
455 2601 737 2666 posterum
776 2601 967 2654 saltem
1007 2620 1091 2654 res
1132 2601 1321 2654 melius
1361 2603 1726 2671 procederent.

254 2669 503 2725 «Placuit
541 2672 793 2727 Patribus
845 2679 908 2728 ut
957 2675 1170 2728 decreta
1226 2676 1282 2727 in
1336 2677 1438 2729 hoc
1478 2677 1719 2730 Concilio
1759 2676 1976 2729 ferenda
2016 2696 2144 2730 con-

103 2744 268 2813 ceptis
332 2746 510 2799 verbis
574 2748 800 2801 formam
867 2750 1205 2803 decretorum
1263 2751 1600 2819 synodalium
1660 2751 2143 2820 praeseferentibus

100 2823 505 2888 proponantur,
573 2825 627 2875 et
686 2824 988 2876 sententiae
1052 2823 1274 2877 Patrum
1340 2826 1758 2894 uniuscuiusque
1815 2826 2142 2894 provinciae,

95 2893 253 2961 juxta
316 2894 560 2948 ordinem
623 2897 1050 2950 consecrationis
1114 2898 1171 2950 in
1230 2898 1335 2951 ista
1391 2899 1701 2966 provincia,
1767 2899 2139 2968 exquirantur.

103 2965 311 3021 Placuit
349 2969 510 3021 etiam
549 2974 611 3024 ut
636 2970 873 3024 Abbates
914 2971 1138 3024 infulati
1177 2971 1338 3024 simul
1379 2991 1495 3024 cum
1526 2973 1791 3041 episcopis
1824 2973 1881 3024 in
1911 2991 2142 3042 quorum

101 3041 395 3109 provinciis
436 3043 540 3097 sita
579 3045 691 3098 sint
730 3064 915 3098 eorum
940 3046 1270 3097 monasteria
1308 3046 1470 3099 etiam
1495 3047 1920 3115 interrogentur,
1957 3066 2141 3115 quam—

101 3115 182 3168 vis
234 3133 420 3169 eorum
468 3122 596 3172 vota
646 3138 755 3172 non
809 3120 921 3173 sint
971 3119 1030 3171 in
1081 3119 1294 3171 tabulas
1342 3121 1639 3172 referenda.
1737 3119 1962 3173 Patrum
2013 3125 2141 3175 vota

102 3187 262 3242 simul
314 3210 376 3244 ac
425 3193 615 3246 emissa
666 3193 901 3258 fuerint,
954 3195 1080 3263 post
1130 3193 1400 3246 rationem
1439 3194 1729 3257 redditam,
1783 3194 1826 3246 si
1869 3195 2142 3249 voluerint

101 3280 215 3315 eam
277 3265 555 3319 rationum
611 3268 896 3320 momentis
955 3265 1171 3332 fulcire,
1239 3267 1516 3320 secretarii
1574 3267 1759 3322 statim
1813 3268 1871 3321 in
1929 3269 2140 3322 tabulas

99 3337 392 3392 referant.»
1310 3368 1313 3370 ·

249 3411 411 3467 Ratio
486 3413 645 3468 istius
710 3414 911 3468 decreti
974 3412 1049 3466 sic
1114 3413 1283 3467 oblati
1347 3414 1546 3483 duplex
1611 3419 1742 3468 erat.
1847 3415 2012 3470 Volui
2077 3422 2139 3471 ut

100 3488 282 3554 patres
332 3488 590 3558 suffragia
646 3489 814 3541 laturi
866 3488 1067 3541 scirent
1119 3488 1253 3540 bene
1305 3488 1367 3540 de
1407 3507 1512 3557 quo
1554 3493 1835 3560 ageretur3
1885 3491 1940 3543 id
1979 3492 2138 3560 quod,

100 3563 164 3612 ut
199 3559 334 3611 mihi
372 3562 670 3628 videbatur,
710 3562 767 3615 in
805 3561 1245 3631 praecedentibus
1287 3561 1813 3632 Congregationibus
1852 3583 1963 3618 non
2003 3584 2138 3618 sem-

101 3651 197 3701 per
238 3634 492 3706 contigit.
1842 3692 1845 3693 γ

250 3706 382 3761 Cum
421 3709 659 3762 Abbates
698 3726 880 3762 vocem
917 3712 1134 3764 tantum
1173 3708 1530 3763 consultivam
1569 3711 1846 3777 haberent,
1888 3712 2035 3765 volui
2076 3716 2138 3765 ut

1783 3799 1863 3844 16*
