2722 4146
2226 318 2257 368 9

217 452 361 504 enim
417 452 563 506 aliud
602 471 760 507 nemo
802 459 984 524 potest
1019 477 1236 527 ponere,
1297 464 1494 530 praeter
1534 459 1604 524 id,
1665 461 1808 529 quod
1869 461 2107 530 positum
2161 467 2260 526 est,

216 527 359 595 quod
399 531 480 580 est
521 527 766 580 Christus
807 529 1014 583 ιῘ65115.»

364 599 664 654 Eucherius
703 602 1077 671 Luydzmewsis
1136 626 1228 660 seu
1280 609 1416 661 alius
1458 608 1631 677 quivis
1671 607 1730 659 in
1769 608 1942 661 homil.
1986 610 2048 662 de
2067 610 2253 664 Natal.

216 673 269 727 S.
312 675 498 727 Petri.-
549 674 755 744 «Super
808 678 945 731 hanc
996 685 1206 748 petram
1259 702 1419 751 quam
1443 684 1446 690 '
1471 686 1533 735 tu
1573 682 1732 734 modo
1772 683 2006 735 docuisti
2046 683 2257 736 dicens:

215 749 300 800 Tu
339 767 392 801 es
437 748 684 802 Christus
723 751 908 805 Filius
947 753 1053 806 Dei
1093 757 1223 808 vivi:
1263 775 1422 824 super
1449 757 1588 808 hanc
1614 760 1823 825 petram
1851 761 1906 810 et
1932 776 2092 826 super
2120 758 2259 810 hanc

213 823 371 874 fidem
410 823 682 875 aedificabo
723 825 1019 879 Ecclesiam
1045 848 1231 881 meam.
1311 829 1452 882 Huic
1480 831 1622 881 enim
1650 832 1932 884 sententiae
1959 831 2258 900 Apostolus

215 897 542 950 concordans
583 898 691 950 ait:
747 899 1178 956 Fundamentum
1232 904 1374 955 enim
1424 903 1570 955 aliud
1610 922 1764 956 nemo
1817 909 2001 973 potest
2040 925 2256 974 ponere,

213 975 408 1040 praeter
463 972 534 1034 id,
591 973 732 1041 quod
776 975 1015 1042 positum
1055 981 1153 1041 est,
1208 978 1349 1046 quod
1391 982 1472 1030 est
1515 977 1762 1030 Christus
1803 979 2011 1031 Jesus»
2093 979 2172 1032 Ac
2213 981 2257 1033 si

213 1045 386 1098 dicat:
427 1065 538 1098 non
580 1050 661 1099 est
701 1048 850 1100 aliud
890 1050 1318 1115 fundamentum,
1361 1052 1467 1104 nisi
1508 1052 1601 1103 illa
1640 1056 1812 1120 petra,
1867 1071 2027 1122 quam
2064 1054 2259 1107 Petrus

211 1120 397 1187 posuit
437 1120 495 1171 in
535 1121 907 1186 fundamentO,
971 1143 1089 1176 cum
1133 1127 1362 1178 diceret:
1418 1126 1498 1178 Tu
1552 1144 1604 1179 es
1649 1126 1894 1179 Christus
1931 1126 2116 1180 Filius
2154 1128 2261 1181 Dei

210 1196 346 1246 vivi:
389 1213 547 1262 super
588 1195 727 1248 hanc
767 1201 979 1265 petram
1019 1201 1292 1252 aedificabo
1334 1201 1627 1252 Ecclesiam
1665 1220 1886 1254 meam.»

356 1268 518 1320 Felix
557 1270 675 1323 PP.
720 1271 830 1324 III.
875 1271 931 1323 in
972 1274 1128 1341 epist.
1172 1276 1236 1327 ad
1284 1275 1554 1327 Zenonem
1605 1275 2023 1344 Imperatorem:
2091 1276 2257 1328 «Cum

210 1342 432 1395 dixisset
473 1342 692 1396 Petrus:
741 1345 818 1398 Tu
860 1363 912 1397 63
955 1347 1203 1401 Christ-ns
1242 1350 1424 1401 Filius
1464 1349 1571 1402 Dese·
1610 1351 1744 1401 viv-i:
1801 1350 1987 1402 audire
2026 1351 2253 1403 meruit:

214 1416 455 1469 «Beatus
508 1435 561 1470 63
610 1418 789 1472 Simon
840 1420 1101 1487 Bcwjomz,
1154 1426 1278 1490 quia
1332 1441 1453 1475 caro
1505 1430 1552 1475 et
1603 1425 1826 1490 sanquis
1863 1441 1966 1476 non
2005 1426 2255 1477 revelavit

210 1492 321 1554 tibi,
365 1493 458 1544 sed
497 1491 664 1543 Pater
703 1512 863 1558 meus,
906 1498 994 1562 (sni
1034 1503 1109 1549 est
1147 1501 1200 1549 111
1244 1499 1413 1563 eoelz'S,
1470 1502 1524 1550 et
1562 1516 1723 1567 super
1762 1497 1867 1550 ista
1918 1500 2253 1552 confessione

208 1565 485 1618 aedificabo
526 1567 823 1620 Ecclesiam
863 1588 1085 1622 meam.»

355 1640 650 1694 Hormisda
690 1643 842 1695 Rom.
923 1643 1179 1698 Pontifex
1233 1645 1291 1696 in
1333 1646 1766 1708 commonitorio,
1823 1646 1964 1714 quod
2005 1644 2256 1699 Ennodio

210 1716 262 1765 et
283 1713 586 1767 Fortunato
609 1715 756 1769 dedit
777 1718 1099 1785 praesulibus
1137 1719 1673 1789 Constantinopolim
1701 1720 1991 1789 ablegatis:
2042 1719 2258 1773 »Sancti

209 1787 413 1851 Patres,
456 1789 551 1851 ait,
595 1790 688 1858 qui
728 1791 832 1843 ista
875 1793 1296 1856 constituerunt,
1339 1795 1387 1845 b.
1431 1794 1582 1846 Petri
1609 1794 1865 1863 Apostoli
1903 1795 2059 1846 fidem
2088 1795 2258 1848 secuti

209 1866 353 1926 sunt,
394 1881 490 1931 per
531 1883 687 1932 quam
730 1866 992 1919 aedificata
1033 1872 1112 1920 est
1153 1867 1392 1920 Ecclesia
1432 1868 1583 1920 Dei.»

358 1935 649 2004 Gregorius
687 1938 734 1990 I.
778 1940 868 1995 lib.
912 1941 1011 1992 ΙΠ.
1055 1960 1134 2010 ep.
1164 1947 1245 1994 33.
1289 1943 1352 1993 ad
1382 1943 1810 1995 Theodolindam
1836 1944 2112 2013 reginam:
2159 1943 2254 1996 «In

210 2029 333 2062 vera
372 2011 477 2063 fide
516 2013 810 2080 persistite,
855 2019 907 2068 et
949 2016 1117 2068 vitam
1157 2021 1390 2069 vestram
1430 2018 1487 2068 in
1527 2022 1683 2085 petra
1723 2017 1991 2080 Ecclesiae,
2034 2018 2137 2070 hoc
2176 2021 2255 2070 est

207 2085 266 2136 in
307 2086 646 2138 confessione
688 2088 734 2139 b.
779 2088 928 2142 Petri
968 2089 1363 2158 Apostolorum
1402 2092 1667 2160 principis
1708 2092 1987 2144 solidate.»

359 2159 692 2212 Venerabilis
732 2162 887 2215 Beda
944 2183 1103 2232 super
1138 2163 1385 2217 Exodum
1437 2184 1550 2233 cap.
1594 2171 1710 2217 42:
1771 2165 1924 2218 «Nisi
1964 2167 2083 2234 quis
2126 2165 2251 2216 fidei

209 2233 548 2286 solididatem
589 2237 842 2299 tenuerit,
885 2238 1122 2290 divinam
1172 2240 1515 2307 praesentiam
1570 2259 1681 2292 non
1732 2240 1995 2309 agnoscit,
2050 2240 2111 2291 de
2151 2257 2254 2306 qua

211 2307 484 2360 soliditate
525 2308 792 2362 Dominus
833 2312 938 2364 ait:
983 2311 1155 2377 Super
1202 2314 1334 2364 hanc
1365 2319 1574 2378 petram
1630 2315 1917 2380 aedificabo
1957 2313 2253 2365 Ecclesiam

208 2400 427 2434 meam.»
511 2382 662 2436 Conf.
705 2385 931 2436 eundem
971 2385 1170 2438 Bedam
1210 2387 1265 2438 in
1306 2386 1502 2440 Matth.
1542 2387 1688 2440 XVI,
1731 2392 1785 2440 et
1824 2387 1978 2440 Joan.
2021 2387 2165 2439 XXI.

356 2456 604 2509 Isidorus
642 2457 977 2526 Hispalensis
1035 2459 1238 2527 Oriyin.
1291 2463 1398 2513 sive
1439 2461 1733 2529 Etyn‘eoloy.
1785 2462 1876 2514 lib.
1933 2460 2054 2514 VH.
2099 2480 2142 2514 c.
2186 2467 2250 2514 9:

214 2531 320 2583 «Et
360 2549 520 2599 super
561 2531 698 2584 hanc
738 2536 948 2600 petram
990 2534 1263 2587 aedificabo
1304 2535 1597 2587 Ecclesiam
1637 2555 1823 2599 meam,
1881 2537 2005 2604 quia
2045 2535 2255 2587 dixerat

210 2604 480 2674 (Petrus):
525 2606 606 2657 Tu
645 2624 698 2658 cs
743 2606 990 2660 Glm’stus
1041 2608 1225 2661 Filius
1271 2608 1378 2661 Dei
1429 2612 1559 2672 υἱυὶς
1617 2610 1806 2662 deinde
1857 2611 1904 2661 ei
1959 2609 2250 2662 Dominus:

210 2679 382 2748 Super
442 2680 578 2731 hanc
636 2685 869 2748 petram,
931 2701 1091 2750 quam
1152 2683 1427 2736 confessus
1486 2703 1564 2747 es,
1626 2685 1899 2736 aedificabo
1960 2684 2251 2736 Ecclesiam

208 2772 393 2806 meam.
471 2753 634 2806 Petra
671 2755 815 2806 enim
842 2760 956 2808 erat
988 2756 1252 2820 Christus,
1298 2776 1459 2826 super
1486 2759 1628 2827 quod
1655 2759 2064 2810 fundamentum
2092 2757 2252 2809 etiam

209 2829 324 2896 ipse
363 2827 557 2880 Petrus
598 2829 890 2882 aedificatus
932 2836 1066 2883 est.»
2167 2839 2170 2842 ’

356 2901 590 2955 Jommes
641 2902 1007 2958 Dmnascemcs
1062 2909 1196 2958 orat.
1240 2906 1302 2957 de
1351 2907 1698 2976 transfigur.:
1762 2905 1988 2957 «Petrus
2040 2904 2249 2957 ardenti

210 2976 440 3045 quodam
480 2977 594 3029 zelo
623 2977 985 3032 inflammatus
1012 2998 1073 3031 ac
1101 2983 1288 3032 sancto
1319 2978 1529 3048 Spiritu
1557 2980 1878 3032 instinctus:
1922 2979 1970 3029 Τ
1970 2996 2021 3040 u,
2050 2978 2247 3047 inquit,

209 3068 262 3103 63
306 3048 553 3103 Christus
591 3051 772 3105 Filius
812 3053 917 3105 Dei
955 3055 1091 3105 vivi:
1132 3072 1162 3104 o
1202 3055 1420 3106 beatum
1460 3073 1535 3116 os,
1578 3072 1607 3105 o
1649 3071 1871 3121 prorsus
1899 3053 2054 3104 beata
2090 3052 2246 3115 labia,

214 3143 243 3176 o
284 3124 598 3195 theologam
649 3127 898 3190 animam,
954 3147 983 3179 a
1022 3126 1135 3179 Deo
1189 3128 1430 3179 afflatam
1481 3131 1712 3179 mentem
1750 3145 1811 3178 ac
1857 3125 2090 3195 dignam,
2133 3145 2250 3195 quae

211 3197 469 3250 divinitus
507 3199 804 3253 doceretur.
883 3201 1011 3253 Haec
1064 3205 1144 3254 est
1197 3202 1352 3252 firma
1392 3201 1483 3252 illa
1534 3204 1587 3253 et
1626 3200 1847 3252 immota
1887 3200 2033 3263 fides,
2087 3219 2248 3269 super

212 3290 371 3340 quam
409 3275 667 3341 tanquam
706 3279 916 3343 petram
937 3276 1174 3327 Ecclesia
1214 3275 1438 3327 fundata
1479 3277 1583 3326 est:
1626 3275 1784 3327 unius
1811 3278 1873 3327 tu
1899 3274 2092 3326 merito
2122 3292 2246 3343 cog—

210 3364 404 3398 nomen
443 3347 636 3416 geris»

359 3419 676 3475 Hadrianus
714 3423 758 3476 I.
815 3424 872 3475 in
926 3423 1170 3491 epistola,
1225 3442 1342 3491 quae
1382 3422 1593 3474 actione
1632 3421 1703 3473 Π.
1762 3422 2001 3490 septimae
2051 3422 2242 3490 synodi

211 3495 349 3546 lecta
390 3497 443 3546 et
481 3496 710 3562 probata
751 3501 858 3550 est:
905 3497 1048 3549 «Iste
1076 3496 1313 3564 (Petrus)
1341 3500 1452 3548 tam
1477 3495 1732 3564 praecelso
1760 3496 2016 3564 praelatus
2042 3496 2246 3547 honore

213 3568 513 3636 promeruit
554 3570 802 3623 confiteri
840 3571 1014 3634 fidem,
1055 3589 1216 3638 supra
1257 3589 1415 3638 quam
1440 3570 1700 3622 fundatur
1727 3569 1964 3622 Ecclesia
1993 3569 2242 3621 Christi.»

213 3641 286 3694 Et
326 3642 385 3692 in
424 3641 671 3711 Epistola
729 3644 796 3696 ad
849 3645 1145 3714 Episcopos
1198 3643 1506 3712 Hispaniae:
1569 3642 1774 3712 «Super
1831 3643 1987 3706 hano,
2046 3642 2242 3710 inquit.

211 3719 423 3784 petram
462 3734 622 3784 quam
661 3718 935 3771 confessus
974 3736 1044 3782 65,
1097 3721 1151 3771 et
1191 3737 1220 3770 a
1262 3736 1368 3786 quo
1408 3718 1669 3770 vocabulo
1710 3717 1933 3772 sortitus
1973 3734 2026 3768 es
2067 3716 2245 3788 digni-
