2722 4146
441 269 508 319 72

441 413 678 467 ecclesiae
715 411 1051 475 conVOcatae,
1109 414 1207 466 aut
1262 411 1585 467 sententiam
1645 429 1740 479 per
1797 409 2055 479 epistolas
2112 403 2260 461 more
2315 406 2482 460 eccle-

440 488 657 542 siastico
696 490 904 558 rogatae
943 504 1055 538 non
1094 486 1340 542 fuissent.
1419 487 1494 541 Et
1543 484 1758 554 quidem
1796 484 1842 536 si
1880 502 1993 536 rem
2045 483 2156 536 suis
2194 481 2484 535 momentis

440 562 822 632 expendamus,
882 560 1014 613 satis
1073 560 1293 613 omnino
1354 578 1527 618 causae
1565 558 1865 620 videbatur,
1919 577 2014 611 cur
2053 556 2338 626 synodum,
2398 555 2483 608 0111

441 641 528 690 tot
566 637 739 689 adhuc
777 634 1181 704 provinciarum
1222 634 1394 688 totius
1434 654 1569 704 pene
1609 632 1903 686 occidentis
1932 631 2192 701 suffragia
2219 630 2483 691 deessent,

443 731 542 781 pro
582 709 908 763 oecumenica
945 708 1502 764 nondum·haberent.
1581 706 1694 759 Nec
1732 706 2040 759 Hadrianus
2080 705 2194 774 ipse
2233 704 2392 757 aliter
2431 722 2486 755 se

443 785 643 838 sentire
682 783 1015 846 ostendebat,
1057 784 1151 852 qui
1189 784 1412 836 allatam
1451 802 1479 836 0
1505 781 1715 836 Graecia
1742 781 2023 850 synodum,
2065 784 2128 832 ut
2161 778 2486 831 Hincmarus

442 860 627 912 eodem
685 858 804 910 loco
863 857 1036 922 docet,
1097 858 1156 910 in
1196 857 1424 911 Galliam
1485 856 1635 910 misit
1693 854 2100 923 Conciliumque
2157 855 2270 923 ejus
2329 870 2489 905 causa

443 931 727 986 convocari
769 931 962 984 Carolo
1017 933 1202 1002 jussit,
1258 935 1311 985 et
1365 933 1521 986 libris
1577 930 1860 992 Carolinis,
1921 929 2115 998 quibus
2173 928 2488 997 oppugnata

441 1011 539 1070 est,
579 1006 658 1078 ita
696 1005 995 1075 respondit,
1047 1010 1108 1060 ut
1158 1007 1500 1060 oecumenicae
1553 1004 1749 1075 synodi
1787 1022 1984 1056 nomen
2033 1002 2143 1054 illis
2190 1000 2489 1054 auctorita-

442 1086 657 1148 temque
696 1099 943 1149 nunqum
981 1081 1217 1150 objiciat.
1295 1081 1469 1143 Quare
1507 1080 1795 1142 habebant,
1836 1081 1900 1131 ut
1926 1077 2057 1141 dixi,
2098 1077 2199 1129 hac
2237 1076 2294 1127 in
2334 1078 2490 1143 parte

444 1154 606 1219 Galli,
647 1173 755 1224 quo
796 1174 851 1207 se
890 1155 1260 1219 defenderent,
1301 1155 1444 1207 haud
1482 1154 1705 1224 perinde
1745 1154 1974 1205 fortasse
2012 1151 2072 1204 111
2109 1170 2166 1203 re
2215 1150 2347 1218 ipsa,
2387 1148 2491 1201 hoc

444 1233 527 1283 est
563 1230 622 1281 in
662 1229 964 1298 quaestione
1022 1229 1336 1299 imaginum,
1398 1229 1459 1283 in
1518 1248 1622 1299 qua
1662 1227 2004 1280 vehementer
2044 1245 2075 1278 a
2114 1224 2321 1294 synodo
2382 1223 2491 1275 dis-

445 1304 806 1356 sentiebant.»
886 1303 1113 1356 Exhoc
1152 1304 1297 1357 facto
1338 1307 1393 1358 et
1431 1322 1496 1356 ex
1535 1304 1634 1355 hac
1673 1300 2027 1354 adnotatione
2065 1299 2201 1351 illud
2246 1300 2489 1367 apparet,

446 1397 605 1448 quam
643 1378 807 1448 longe
846 1382 966 1431 tum
1003 1378 1265 1448 temporis
1305 1382 1486 1431 essent
1525 1377 1716 1430 Galliae
1736 1375 2000 1428 Praesules
2026 1375 2092 1426 ab
2120 1392 2179 1425 ea
2206 1370 2491 1433 sententia,

445 1470 564 1522 quae
616 1452 752 1505 dicit
800 1453 1142 1521 personalem
1194 1457 1248 1506 et
1286 1472 1317 1505 a
1357 1457 1475 1506 tota
1525 1451 1767 1504 Ecclesia
1825 1448 2274 1517 independentem
2334 1445 2494 1498 11111118

444 1528 598 1581 Rom.
641 1527 927 1580 Pontificis
964 1527 1350 1581 auctoritatem
1404 1545 1517 1579 esse
1568 1523 2018 1578 irreformabilem
2069 1522 2311 1592 regulam
2350 1519 2493 1582 fidei,

446 1621 567 1655 cum
605 1605 732 1671 post
770 1601 1102 1671 dogmaticas
1142 1602 1399 1670 epistolas
1437 1600 1703 1653 Hadriani
1758 1596 1914 1667 Papae
1955 1596 2215 1666 suffragio
2267 1600 2320 1648 et
2368 1611 2494 1646 auc-

446 1676 673 1730 toritate
714 1675 956 1729 omnium
997 1675 1359 1729 Orientalium
1398 1675 1725 1744 adprobatas
1766 1677 1819 1726 et
1860 1672 2221 1733 confirmatas,
2283 1686 2494 1722 causam

448 1751 644 1804 ultimo
686 1754 741 1803 et
779 1750 1168 1803 irreformabili
1201 1750 1406 1820 judicio
1445 1749 1687 1802 nondum
1744 1747 2065 1814 diremptam
2104 1744 2494 1804 existimarent,

448 1825 534 1877 vel
586 1824 689 1877 sibi
747 1824 1051 1893 ademptam
1105 1828 1432 1893 potestatem
1488 1827 1542 1876 et
1595 1825 1683 1891 jus
1742 1822 1806 1873 de
1863 1820 2044 1872 eadem
2110 1838 2266 1871 causa
2331 1818 2497 1870 libere

449 1899 744 1952 secundum
791 1898 1044 1951 Ecclesia}
1095 1899 1449 1952 traditionem
1496 1895 1791 1967 judicandi.
1870 1894 2011 1946 Illud
2064 1910 2277 1962 quoque
2327 1894 2495 1961 patet,

448 1978 503 2027 et
540 1973 878 2026 Hadrianum
929 1973 1086 2026 Rom.
1127 1972 1465 2036 Pontificem,
1519 1971 1612 2040 qui
1651 1971 1791 2023 hanc
1842 1967 2124 2021 Gallorum
2170 1965 2496 2019 sententiam

450 2049 764 2101 nullatenus
791 2047 1080 2116 improbat,
1121 2047 1211 2100 sed
1239 2047 1486 2100 adductis
1512 2043 1846 2115 argumentis
1874 2042 1953 2094 rei
1980 2042 2265 2094 veritatem
2294 2041 2496 2100 edocet,

450 2126 506 2175 et
544 2123 721 2191 ipsum
771 2121 1032 2175 Jacobum
1084 2121 1376 2185 Sirmondi,
1430 2121 1650 2173 doctum
1702 2123 1755 2172 et
1809 2117 2079 2170 eruditum
2119 2116 2183 2167 de
2241 2115 2499 2168 societate

450 2197 484 2250 J
488 2216 578 2249 esu
600 2197 934 2266 theologum,
978 2197 1071 2266 qui
1111 2197 1256 2249 hunc
1282 2195 1477 2266 agendi
1502 2194 1719 2246 modum
1747 2192 1973 2262 praefata
1999 2191 2211 2244 ratione
2239 2188 2497 2250 defendit,

452 2271 755 2335 credidisse,
798 2274 1014 2324 tantum
1051 2271 1110 2323 in
1149 2269 1471 2322 universalis
1511 2267 1766 2321 Ecclesiae
1806 2265 2065 2334 suffragio
2093 2267 2147 2316 et
2174 2262 2501 2316 auct-oritate

453 2346 776 2400 collocatum
797 2363 908 2399 esse
930 2345 1186 2399 ultimum
1210 2349 1265 2399 et
1291 2343 1686 2397 irreformabile
1711 2341 1791 2395 rei
1825 2338 2196 2394 ecclesiasticae
2217 2337 2497 2408 judicium.

1246 2509 1524 2589 Synodus
1571 2508 1711 2568 vm.

605 2641 834 2695 Actione
854 2640 953 2693 ΙΙΙ.
976 2641 1131 2694 lectis
1158 2639 1495 2709 synodaliter
1523 2638 1770 2707 epistolis
1797 2637 2060 2689 Hadriani
2089 2637 2248 2704 Papae
2274 2635 2503 2688 senioris

457 2719 643 2771 Romae
694 2716 761 2768 ad
810 2715 1181 2768 Patriarcham
1239 2713 1545 2783 Ignatium,
1610 2711 1938 2763 sanctissimi
2003 2710 2210 2763 Vicarii
2273 2708 2502 2761 senioris

458 2792 645 2845 Romae
698 2790 982 2842 dixerunt:
1036 2789 1137 2841 Est
1188 2787 1445 2841 canonice
1497 2790 1550 2838 et
1602 2784 1858 2853 synodice
1908 2787 2030 2837 acta
2068 2784 2300 2852 epistola
2351 2783 2499 2834 haec‘?

461 2866 660 2920 Sancta
699 2868 754 2918 et
793 2863 1113 2916 universalis
1153 2862 1390 2931 synodus
1417 2860 1585 2913 dixit:
1628 2858 1884 2911 canonica
1908 2862 1961 2911 et
1989 2858 2240 2910 ordinata
2265 2861 2320 2910 et
2344 2857 2505 2925 plena

453 2940 688 3009 justitiae
739 2942 821 2992 est
860 2937 1108 3007 epistola,
1161 2955 1280 3006 quae
1318 2937 1456 2988 lecta
1506 2937 1590 2987 est
1639 2932 1966 2985 sanctissimi
2016 2931 2176 3000 Papae
2222 2929 2503 2983 Hadriani.

461 3016 534 3068 Et
584 3018 712 3084 post
759 3013 863 3066 hoc
912 3030 1141 3083 surgens
1192 3009 1578 3079 Metrophanes
1628 3005 1981 3075 Metropolita
2032 3004 2276 3074 Smyrnae
2333 3004 2502 3058 dixit:

467 3089 583 3141 «Ex
622 3087 887 3158 epistolis,
928 3105 1046 3156 quae
1085 3085 1241 3139 nobis
1280 3085 1434 3138 lectae
1472 3085 1600 3136 sunt
1639 3080 1814 3143 mod0,
1855 3080 2112 3149 liquidius
2152 3079 2505 3150 cognovimus

464 3167 518 3216 et
573 3161 924 3232 Imperatoris
978 3160 1157 3214 nostri
1215 3158 1553 3229 diligentiam
1613 3159 1669 3208 et
1720 3154 1976 3217 studium,
2033 3154 2176 3222 quod
2228 3155 2390 3206 habet
2438 3152 2502 3205 ad

465 3236 849 3306 pacificandam
899 3234 1192 3288 Ecclesiam
1241 3233 1371 3298 Dei,
1433 3235 1488 3285 et
1541 3228 1866 3283 sanctissimi
1921 3228 2252 3281 Patriarchae
2302 3227 2504 3298 Ignatii

464 3310 843 3373 humilitatem,
883 3312 938 3362 et
976 3309 1246 3378 quomodo
1285 3307 1511 3376 impleat
1549 3302 1823 3374 eloquium
1860 3302 2160 3372 scripturae,
2201 3302 2344 3372 quod
2382 3319 2506 3370 per-

465 3385 633 3448 hibet,
673 3384 851 3437 omnia-
888 3400 1008 3436 cum
1046 3383 1265 3437 consilio
1298 3383 1419 3449 fac.-
1456 3398 1555 3432 nec
1593 3397 1706 3430 11011
1743 3381 1798 3431 et
1834 3376 2157 3430 sanctissimi
2195 3377 2355 3446 Papae
2394 3375 2505 3428 Ro-

468 3458 615 3512 mani
666 3458 920 3510 solertem
970 3457 1300 3511 locutionem
1351 3461 1407 3510 et
1454 3453 1732 3524 pudorem,
1794 3469 1947 3520 quem
2008 3451 2064 3503 in
2115 3451 2313 3504 divinis
2365 3449 2506 3502 circa

469 3533 778 3586 divinorum
816 3548 1082 3583 canonum
1122 3530 1423 3585 custodiam
1461 3539 1515 3582 et
1553 3525 1950 3580 observantiam
1983 3525 2163 3590 habet,
2205 3565 2218 3577 .
2261 3570 2272 3580 .
2316 3569 2326 3579 .
2369 3541 2503 3593 quos

469 3612 526 3661 et
563 3605 847 3677 magnifice
885 3604 1235 3673 suscipientes
1275 3622 1460 3658 omnes
1499 3601 1704 3672 gratias
1745 3599 1948 3670 egimus
1987 3599 2120 3663 Deo,
2179 3599 2273 3671 qui
2310 3598 2503 3672 dignos

470 3701 572 3737 nos
610 3680 758 3746 fecit,
797 3678 1107 3750 hujusmodi
1144 3678 1512 3735 sanctissimos
1548 3674 1779 3730 vicarios
1817 3672 2116 3730 contueri.»

2704 3254 2722 3376 &mhi-.-

2712 0 2722 72 ΛΓ..-
