2612 4062
2061 158 2167 221 285

277 308 335 362 F.
415 308 585 372 Quam
639 309 868 362 maxime
922 311 1207 364 dolendum
1259 316 1341 366 est
1393 313 1596 366 factum
1640 312 1700 366 in
1736 312 1820 367 his
1858 313 2172 383 regionibus

129 399 242 434 non
299 382 645 453 infrequenS,
707 384 849 452 quod
902 384 1029 438 laici
1067 386 1297 440 homines
1348 405 1460 439 rem
1513 391 1566 446 et
1617 388 1844 441 salutem
1903 387 2171 442 Ecclesiae

128 456 349 508 minime
387 461 596 520 curent,
635 457 1005 512 indifferentes
1045 460 1111 511 ad
1150 461 1350 512 bonum
1389 461 1690 531 religionis,
1735 461 1854 514 fidei
1892 465 1946 515 et
1986 463 2171 516 catho-

126 530 258 582 licae
297 530 465 594 vitae,
520 549 581 582 ac
620 531 663 583 si
705 531 974 584 Ecclesiae
1014 551 1139 586 cura
1178 535 1307 587 solis
1349 535 1553 587 clericis
1579 535 1638 587 in
1677 536 1972 589 utilitatem
2000 536 2169 602 cedat,

127 604 192 656 ad
234 604 487 674 ipsosque
525 605 745 657 minime
787 606 1072 673 pertineat.
1152 607 1371 661 Praeter
1410 609 1635 678 impium
1661 609 2171 663 indifferentismum

125 678 211 730 vel
262 679 457 731 malam
521 678 756 731 acediam
813 679 868 731 id
921 685 1064 733 certe
1122 681 1248 734 111116
1305 701 1517 751 quoque
1576 701 1764 736 causae
1822 683 2170 738 tribuendum

124 752 354 817 videtur,
396 753 540 822 quod
577 753 702 806 laici
739 753 805 804 ad
844 755 1065 824 negotia
1104 759 1324 808 externa
1363 756 1630 810 Ecclesiae
1668 776 1858 826 parum
1895 758 2170 828 hucusque

126 826 468 881 adhibentur.
557 827 700 879 Illud
757 827 929 892 enim,
991 831 1140 898 cujus
1190 848 1371 882 curam
1422 849 1578 901 agere
1625 832 1820 900 aliquis
1872 851 1935 884 ex
1988 833 2169 886 officio

126 901 522 971 obstringitur,
564 901 686 970 plus
729 901 877 954 cordi
918 921 1031 955 esse
1071 904 1232 956 solet:
1276 922 1448 973 neque
1488 923 1652 957 onera
1690 905 1903 958 facilius
1943 910 2168 975 portan-

124 978 230 1038 tur,
273 994 433 1044 quam
472 976 518 1029 si
557 976 716 1028 simul
757 976 1049 1046 eliguntur.
1118 977 1435 1031 Gravissimi
1475 979 1734 1031 momenti
1771 980 1942 1050 igitur
1984 999 2167 1034 omnes

123 1048 508 1117 dispositiones
566 1050 848 1113 videntur,
916 1051 1109 1119 quibus
1168 1052 1315 1116 laici,
1376 1053 1693 1120 praesertim
1751 1054 2039 1118 cultiores,
2099 1055 2166 1107 ad

122 1122 416 1176 Ecclesiam
455 1125 805 1188 advocentur,
848 1128 902 1177 et
935 1125 1133 1178 honori
1161 1126 1263 1179 sibi
1292 1126 1594 1190 aestiment,
1632 1128 1863 1197 gloriam
1889 1132 2162 1197 reputent,

122 1199 234 1267 ejus
274 1200 511 1252 membra
549 1198 750 1251 haberi.
830 1198 1006 1252 Multa
1046 1199 1098 1251 in
1141 1201 1285 1252 hunc
1325 1201 1485 1253 finem
1526 1201 1845 1255 inserviunt.

276 1280 318 1325 1.
358 1273 682 1326 Praesertim
720 1271 961 1326 Ecclesia
1001 1292 1055 1326 se
1094 1276 1452 1338 scientiarum,
1497 1294 1630 1344 quae
1667 1275 1940 1328 hominem
1967 1281 2165 1330 ornant

120 1347 542 1418 perficiuntque,
608 1346 831 1400 amicam
890 1352 944 1400 et
1003 1352 1288 1416 patronam
1350 1348 1624 1412 exhibeat,
1691 1351 1858 1418 probe
1916 1370 2161 1415 noscenS,

120 1439 277 1474 omne
315 1441 502 1475 verum
541 1441 571 1474 a
611 1422 724 1474 Deo
767 1440 906 1486 esse,
966 1426 1020 1475 et
1058 1423 1328 1492 profunda
1367 1441 1427 1475 66
1467 1424 1605 1476 66116
1654 1423 1935 1476 literarum
1987 1425 2164 1478 studia

119 1497 380 1565 opitulari
420 1497 559 1549 fidei.
628 1496 886 1565 Episcopi
928 1497 1111 1566 itaque
1152 1501 1206 1550 et
1248 1497 1426 1549 clerici
1457 1516 1635 1550 curam
1665 1498 1953 1552 sollicitam
1979 1503 2160 1569 agant,

118 1577 180 1625 ut
232 1571 641 1625 institutionem
687 1571 977 1623 salutarem
1030 1572 1244 1640 populi,
1306 1571 1665 1624 eruditionem
1718 1572 2003 1626 cultiorem
2053 1592 2159 1625 una

118 1665 237 1699 cum
295 1646 497 1715 pietate
536 1646 818 1716 religionis
871 1650 1252 1714 promoveant,
1315 1646 1512 1699 scholis
1565 1646 1810 1711 faveant,
1871 1647 2159 1717 magistros

115 1721 373 1790 adjuvent
411 1724 466 1774 et
503 1720 797 1773 honorent.

265 1799 313 1847 2.
355 1794 432 1848 Ut
470 1795 834 1847 institutiones
872 1794 1169 1847 scholarum
1210 1794 1275 1846 ad
1303 1795 1505 1847 bonum
1543 1794 1667 1846 fidei
1694 1793 2018 1864 dirigantur,
2048 1813 2158 1848 non

115 1869 246 1922 satis
287 1873 385 1932 est,
426 1873 488 1922 ut
528 1868 751 1938 parochi
778 1868 863 1920 vel
903 1868 997 1920 alii
1037 1868 1216 1920 clerici
1244 1869 1441 1921 scholis
1482 1868 1896 1921 elementaribus
1930 1887 2158 1938 praepo-

115 1943 209 1996 siti
248 1943 352 2012 ipsi
376 1943 683 2014 invigilent,
727 1943 819 1995 sed
860 1942 1193 2011 parochiani,
1235 1948 1416 2012 patres
1457 1942 1687 1995 familias
1728 1947 1782 1996 et
1807 1944 2157 2013 magistratus

114 2018 311 2070 locales
350 2018 408 2070 in
446 2017 705 2070 auxilium
746 2017 1120 2070 adhibeantur.

263 2090 574 2161 Optandum
615 2092 821 2160 itaque,
876 2097 937 2144 ut
975 2091 1034 2143 in
1074 2091 1303 2162 singulis
1343 2091 1614 2159 parochiis
1655 2092 1739 2144 vel
1780 2091 2154 2160 parochiarum

114 2165 360 2234 partibus
399 2172 615 2220 senatus
654 2166 871 2235 quidam
911 2165 1150 2217 fidelium
1191 2165 1571 2229 constituatur,
1614 2166 1708 2234 qui
1748 2166 1846 2217 sub
1885 2165 2154 2234 praesidio

113 2240 336 2308 parochi
375 2241 659 2311 religiosae
699 2244 752 2293 et
790 2239 984 2292 morali
1010 2239 1351 2292 institutioni
1390 2244 1443 2292 et
1482 2239 1784 2292 educationi
1806 2240 2157 2307 parvulorum

112 2313 390 2384 invigilet,
443 2315 679 2384 parocho
730 2314 991 2366 auxilium
1031 2317 1340 2382 praestans,
1391 2332 1497 2382 quo
1546 2314 1630 2366 vel
1681 2330 2015 2382 summopere
2071 2313 2155 2366 his

113 2388 298 2442 diebus
336 2389 563 2460 indiget.

265 2467 311 2517 3.
354 2462 500 2515 Idem
539 2468 754 2517 sen-atus
803 2463 888 2515 vel
939 2462 1032 2514 alii
1082 2480 1271 2531 graves
1323 2461 1428 2513 viri
1475 2461 1631 2514 electi
1680 2461 1914 2530 parocho
1954 2460 2151 2525 adsint,

114 2536 207 2605 qui
246 2537 304 2589 in
345 2537 677 2608 corrigendis
719 2536 894 2600 vitiis,
950 2537 1007 2587 in
1062 2536 1349 2588 evellendis
1401 2535 1682 2598 abusibuS,
1736 2534 1998 2603 bonisque
2037 2535 2151 2587 for-

113 2610 319 2663 mandis
358 2611 599 2664 moribus
638 2611 937 2674 hortando,
981 2610 1366 2663 commonendo
1408 2609 1457 2661 ei
1496 2609 1770 2678 suppetias
1809 2609 2001 2661 ferant.
2080 2608 2153 2660 Et

114 2702 278 2753 quum
328 2685 419 2737 vix
465 2686 634 2755 aliqui
673 2687 1042 2755 reperiantur,
1085 2684 1177 2752 qui
1214 2685 1317 2737 hoc
1356 2684 1638 2736 molestum
1679 2702 1812 2735 onus
1851 2683 1909 2734 in
1962 2700 2016 2734 se
2062 2700 2151 2733 611-

113 2758 370 2827 scipiant,
436 2760 544 2813 nisi
606 2760 718 2812 illis
759 2777 1030 2828 congruus
1086 2758 1264 2811 honor
1328 2758 1412 2809 vel
1469 2757 1605 2809 alius
1674 2758 1843 2826 major
1916 2755 2149 2807 influxus

114 2833 467 2897 concedatur,
533 2838 750 2887 senatus
820 2833 904 2885 vel
969 2831 1248 2899 deputatio
1309 2831 1570 2900 ejusmodi
1629 2830 1787 2882 simul
1844 2830 1909 2881 ad
1967 2847 2149 2881 curam

114 2906 178 2958 de
235 2906 504 2960 Ecclesiae
559 2908 769 2977 peculio
822 2905 1248 2959 administrando
1306 2904 1650 2967 adhibeatur,
1703 2907 1913 2956 servata
1970 2902 2148 2956 debita

113 2979 449 3049 inspectione
501 2986 555 3035 et
601 2982 916 3035 visitatione
967 2978 1286 3047 episcopali,
1340 2982 1394 3030 et
1431 2977 1656 3030 servatis
1695 2977 1927 3029 aliorum
1965 2977 2148 3046 acqui-

111 3054 230 3107 sitis
262 3055 493 3124 juribus.

260 3134 310 3181 4.
380 3127 527 3182 Oura
578 3145 884 3195 pauperum
944 3130 998 3179 et
1060 3131 1386 3193 aeyrotorwn
1450 3125 1515 3177 ad
1576 3124 1893 3194 gravissima
1963 3124 2147 3177 munia

112 3202 337 3270 parochi
393 3202 661 3271 pertinet,
721 3203 787 3254 ad
846 3210 1014 3271 quam'
1074 3218 1193 3252 cum
1245 3199 1430 3251 fructu
1493 3198 1755 3268 agendam
1806 3217 1917 3251 non
1966 3198 2143 3251 minus

111 3274 373 3328 laicorum
423 3276 626 3328 auxilio
671 3275 909 3346 indiget,
962 3293 988 3326 e
1028 3274 1248 3342 quibuS,
1307 3273 1352 3324 si
1404 3272 1705 3324 ordinatam
1743 3272 1973 3342 aliquam
2016 3291 2144 3325 con-

113 3349 459 3403 sociationem
498 3350 742 3402 virorum
781 3357 834 3402 et
871 3347 1158 3400 mulierum
1196 3346 1297 3398 sibi
1336 3345 1628 3415 adjungere
1665 3347 1891 3414 poterit,
1933 3347 2143 3399 uberri-

112 3441 257 3474 mum
297 3441 595 3476 successum
636 3422 957 3491 experietur.

259 3496 360 3550 His
424 3501 478 3549 et
538 3496 658 3548 aliis
721 3496 978 3548 laicorum
1039 3493 1374 3545 adminiculis
1436 3495 1741 3562 prospicere
1802 3493 2141 3562 aliquatenus
