2722 4146
2175 309 2244 364 95

207 451 389 523 posset
428 450 693 523 quatenus
732 446 937 506 scilicet
975 448 1031 505 in
1071 450 1370 511 definiendo
1412 452 1589 511 utitur
1628 451 1875 524 conciliO,
1922 457 1976 511 et
2014 458 2245 527 requirit

206 528 536 598 adjutorium
585 527 905 580 universalis
944 527 1224 595 Ecclesiae,
1281 533 1367 584 vel
1419 535 1684 602 quatenus
1734 533 1846 602 ejus
1899 531 2243 586 definitiones

207 606 337 655 sunt
387 603 452 654 ab
507 602 756 654 universa
813 600 1052 654 Ecclesia
1116 610 1433 674 acceptatae,
1501 606 1845 670 examinatae,
1904 606 2240 675 adprobatae:

205 676 288 728 vel
328 680 594 744 quatenus
634 679 763 728 sunt
802 675 1142 730 definitiones
1186 680 1478 744 catholicae,
1519 681 1677 733 factae
1716 699 1811 749 per
1851 680 2149 733 Ecclesiam
2188 686 2242 734 et

205 768 439 802 summos
466 749 788 811 Pontifices3
829 751 913 801 vel
954 749 1004 803 S.
1033 750 1350 806 Antoninus
1379 754 1663 807 constituit
1687 754 1843 807 Rom.
1921 754 2240 808 Pontificem

204 825 524 894 magistrum
581 827 635 876 et
684 824 918 893 judicem
962 825 1330 891 infallibilem,
1386 829 1477 881 sed
1527 832 1792 897 quatenus
1843 828 1901 880 in
1953 829 2072 898 ipso
2122 833 2242 882 tota

205 898 676 967 comprehenditur
717 902 772 950 et
810 899 1161 951 reassumitur
1201 901 1468 965 Ecclesia3
1530 906 1793 971 quatenus
1847 906 1927 955 est
1977 921 2239 973 organum

204 977 258 1024 et
297 991 372 1036 OS,
413 991 508 1041 per
549 972 690 1040 quod
731 973 976 1041 loquitur
1030 974 1278 1027 universa
1317 977 1580 1039 Ecclesia3
1635 979 1900 1044 quatenus
1955 981 2036 1030 est
2089 978 2235 1041 tuba,

204 1064 322 1115 quae
361 1047 542 1098 omnia
582 1046 923 1098 ecclesiarum
965 1048 1407 1115 praedic'ationem
1445 1056 1498 1103 et
1538 1051 1841 1103 doctrinam
1880 1056 2155 1120 personat.

349 1120 496 1172 Idem
559 1125 776 1173 sanctus
827 1121 1142 1174 Antoninus
1205 1129 1360 1191 parte
1398 1124 1505 1188 IV,
1578 1125 1665 1177 tit.
1709 1129 1768 1188 S,
1829 1143 1941 1193 cap.
1987 1131 2045 1188 3,
2101 1125 2129 1192 ἓ
2173 1130 2234 1178 5:

206 1194 404 1247 «Fides
443 1195 762 1248 universalis
801 1195 1074 1248 Ecclesiae
1124 1215 1225 1250 uon.
1255 1205 1432 1264 potest
1470 1200 1711 1265 deficere,
1753 1199 1963 1251 dicente
2002 1199 2236 1251 Domino

208 1269 381 1333 PetrO,
447 1269 574 1323 Luc.
619 1275 712 1321 22:
780 1269 896 1337 Eyc
931 1288 1029 1336 pro
1070 1276 1117 1323 te
1153 1275 1365 1340 rogyaci,
1420 1278 1480 1325 ut
1528 1291 1631 1326 non
1680 1273 1890 1339 deficiat
1936 1274 2070 1339 fides
2125 1279 2234 1326 tua.

203 1343 274 1395 Et
314 1348 577 1411 quantum
618 1343 833 1412 quidem
873 1345 938 1396 ad
992 1363 1277 1412 personam
1317 1347 1482 1411 Petri,
1526 1347 1861 1416 intelligitur
1913 1347 1976 1399 de
2028 1347 2237 1400 defectu

203 1418 379 1481 finali,
441 1422 501 1471 ut
558 1418 765 1471 scilicet
824 1420 966 1488 quod
1012 1438 1123 1472 non
1175 1421 1377 1489 periret
1427 1422 1764 1489 persistendo
1821 1423 1877 1473 in
1930 1421 2237 1491 negationis

202 1497 439 1559 peccat03
493 1498 748 1559 quantum
786 1496 857 1545 ad
897 1494 1192 1546 Ecclesiam
1231 1501 1428 1560 autem,
1481 1514 1613 1562 quae
1655 1495 1976 1560 intelliyitm·
2027 1498 2081 1548 in
2128 1497 2237 1562 side

201 1565 370 1629 Petri,
398 1567 716 1636 simpliciter
745 1586 929 1619 verum
957 1572 1053 1631 est,
1084 1570 1207 1637 quia
1233 1588 1333 1622 uon
1349 1575 1525 1636 potest
1547 1570 1680 1636 fides
1705 1569 1976 1622 Ecclesiae
2003 1571 2231 1636 deficere.

199 1640 376 1705 Ratio,
420 1660 581 1708 quare
616 1643 751 1707 fides
792 1642 1063 1696 Ecclesiae
1103 1646 1157 1695 in
1197 1645 1432 1710 ‚qemi-ali
1471 1645 1685 1710 deficere
1735 1661 1832 1696 non
1881 1649 2080 1710 potest,
2137 1648 2234 1706 est,

201 1715 326 1783 quia
378 1735 407 1767 a
460 1716 642 1768 divina
698 1717 1042 1784 providentia
1093 1717 1333 1770 Ecclesia
1384 1720 1619 1785 reffitur,
1684 1718 1882 1770 scilicet
1945 1737 1978 1770 a
2025 1716 2235 1783 Spiritu

198 1796 391 1854 sancto,
434 1809 547 1842 eam
589 1792 866 1858 dirigseufc,
907 1798 964 1844 ut
1002 1810 1103 1844 ozon
1142 1798 1293 1844 erret.
1379 1792 1444 1845 Et
1483 1794 1612 1844 licet
1636 1791 1780 1860 Papa
1819 1792 1875 1842 in
1915 1792 2233 1860 particulari

199 1882 378 1916 errare
419 1866 608 1933 possit,
651 1871 713 1918 ut
764 1866 820 1916 in
862 1866 1241 1934 judicialibus,
1295 1867 1350 1918 in
1393 1867 1583 1934 quibus
1634 1865 1945 1934 proceditur
1998 1885 2090 1934 per
2148 1865 2232 1916 in-

199 1939 605 2002 formationem3
665 1939 797 1991 alias
850 1940 904 1992 in
958 1941 1039 1992 his
1081 1959 1196 2009 quae
1250 1941 1526 2009 pertinent
1576 1940 1642 1992 ad
1682 1940 1864 2003 fidem,
1906 1958 2082 1991 errare
2122 1958 2233 1991 non

198 2017 403 2080 potest,
447 2014 654 2067 scilicet
693 2019 754 2066 ut
793 2034 946 2083 papa,
988 2015 1045 2066 in
1087 2015 1508 2079 determinandO,
1550 2014 1759 2067 etiamsi
1799 2018 1860 2066 ut
1887 2014 2234 2082 particularis

197 2091 250 2138 et
291 2088 502 2155 privata
542 2107 773 2157 persona
814 2090 1001 2157 possit.
1080 2089 1234 2140 Unde
1286 2089 1456 2158 magis
1515 2089 1764 2141 standum
1815 2093 1897 2139 est
1950 2088 2232 2140 sententiae

194 2160 351 2229 Papae
379 2162 433 2213 in
462 2163 859 2230 pertinentibus
898 2164 961 2217 ad
1006 2164 1179 2226 fidem,
1221 2182 1381 2232 quam
1419 2164 1475 2214 in
1511 2162 1716 2231 judicio
1744 2162 2028 2231 proferret,
2071 2180 2229 2230 quam

195 2236 440 2303 opinioni
480 2256 923 2306 quorumcunque
962 2238 1282 2306 sapientum.

340 2310 493 2362 Unde
521 2311 823 2363 luculenter
852 2315 1018 2379 patet,
1046 2312 1191 2363 hunc
1210 2312 1364 2363 Rom.
1395 2310 1713 2363 Pontificem
1743 2310 1890 2378 loqui
1913 2315 1974 2362 ut
2000 2309 2224 2376 Papam,

192 2385 402 2452 quando
444 2385 708 2437 universae
748 2386 998 2437 Ecclesiae
1039 2386 1494 2454 praedicationem,
1536 2385 1856 2446 doctrinam,
1897 2402 2110 2436 sensum
2136 2403 2226 2435 ex-

191 2459 379 2525 primit
428 2463 482 2511 et
521 2479 616 2511 sua
654 2460 981 2512 auctoritate
1022 2461 1322 2512 confirmat.
1400 2459 1540 2510 Nam
1580 2458 1631 2510 S.
1662 2458 1974 2510 Antoninus
2013 2458 2225 2509 deducit

190 2531 469 2585 Pontificis
509 2533 662 2587 Rom.
692 2533 1136 2586 infallibilitatem
1177 2553 1239 2585 ex
1280 2533 1671 2585 infallibilitate
1711 2532 1978 2595 Ecclesiae,
2020 2535 2074 2583 et
2100 2532 2226 2600 quia

191 2607 319 2658 fides
360 2607 680 2660 universalis
721 2607 970 2659 Ecclesiae
1010 2609 1235 2659 deficere
1288 2626 1399 2659 non
1439 2610 1647 2675 potest,
1701 2606 1828 2674 quia
1867 2605 2104 2657 Ecclesia
2143 2606 2224 2656 di-

191 2682 313 2732 vina
363 2682 708 2750 providentia
759 2684 1060 2752 'gubernata
1118 2687 1172 2734 et
1219 2701 1249 2733 a
1290 2681 1498 2750 Spiritu
1552 2684 1739 2732 sancto
1795 2681 1996 2732 directa
2045 2698 2223 2730 errare

191 2772 296 2806 non
337 2759 534 2823 potest,
577 2757 745 2809 infert
784 2756 938 2810 Rom.
981 2755 1299 2808 Pontificem
1338 2757 1647 2824 loquentem
1689 2758 1750 2806 ut
1790 2754 2003 2822 Papam,
2045 2770 2222 2804 errare

191 2846 297 2880 non
326 2849 500 2898 posse,
543 2848 661 2899 quae
689 2831 962 2883 conclusio
992 2830 1127 2882 illud
1156 2830 1405 2898 suponit:
1447 2827 1643 2896 Papam
1688 2833 1749 2880 ut
1784 2828 1983 2895 Papam
2023 2826 2218 2878 identi-

190 2901 339 2955 ficari
379 2922 498 2955 cum
538 2905 795 2969 Ecclesia,
837 2905 1036 2973 Papam
1075 2905 1384 2973 loquentem
1435 2907 1496 2954 ut
1538 2903 1764 2970 Papam,
1819 2901 1958 2952 idem
2009 2918 2120 2951 esse
2158 2917 2219 2951 ac

191 2977 490 3030 universam
512 2979 808 3032 Ecclesiam
827 2979 1163 3047 loquentem3
1205 2978 1404 3047 Papam
1431 2978 1487 3028 in
1513 2979 1726 3028 tantum
1747 2973 1897 3042 loqui
1920 2977 1982 3025 ut
2001 2973 2217 3041 Papam,

191 3049 246 3101 in
297 3056 558 3120 quantum
608 3057 962 3122 repraesentat
1021 3054 1324 3104 universam
1387 3050 1694 3103 Ecclesiam.
1775 3047 1824 3099 S.
1877 3046 2217 3115 Augustinus

189 3123 400 3190 diceret,
441 3127 499 3178 in
538 3133 799 3195 quantum
839 3128 895 3179 in
923 3127 1067 3195 Papa
1106 3126 1455 3178 reassumitur
1496 3128 1549 3175 et
1588 3121 2060 3190 comprehenditur
2098 3124 2217 3173 tota

190 3197 455 3264 Ecclesia,
510 3201 567 3253 in
608 3207 870 3271 quantum
908 3202 1054 3270 Papa
1111 3200 1431 3253 universalis
1488 3196 1738 3248 Ecclesiae
1790 3194 2110 3247 sententiam
2162 3199 2214 3247 et

189 3289 402 3324 sensum.
450 3293 545 3326 sua
584 3294 832 3343 suprema
870 3273 1196 3328 auctoritate
1234 3274 1533 3334 confirmat,
1575 3269 1833 3339 suggillat
1875 3273 1929 3321 et
1967 3268 2215 3320 fidelibus

189 3345 436 3397 omnibus
475 3349 746 3416 proponit.
824 3349 977 3402 Unde
1018 3347 1069 3400 S.
1111 3348 1426 3400 Antoninus
1465 3345 1682 3396 nomine
1729 3343 1858 3409 fidei
1895 3343 2069 3402 Petri,
2110 3361 2210 3411 pro

189 3437 310 3486 qua,
339 3437 406 3470 ne
432 3420 694 3486 deficeret,
723 3422 866 3476 Deus
895 3422 1084 3486 oravit,
1115 3421 1375 3490 intelligit
1397 3420 1556 3485 fidem
1581 3418 1900 3470 universalis
1926 3416 2207 3469 Ecclesiae.

188 3491 456 3545 Praeterea
495 3496 624 3562 quid
664 3496 753 3559 sit,
793 3496 991 3566 Papam
1030 3496 1179 3564 loqui
1232 3500 1292 3547 ut
1332 3494 1564 3561 Papam,
1616 3491 1879 3560 expressis
1930 3491 2104 3543 verbis
2154 3489 2211 3540 in

187 3566 368 3619 allatis
407 3567 612 3621 duobus
651 3570 784 3622 locis
823 3571 978 3623 docet
1017 3569 1068 3621 S.
1109 3568 1440 3629 AntoninuS,
1480 3566 1690 3635 quando
1742 3584 1804 3617 ex
1844 3566 2084 3633 professo
2123 3563 2207 3613 in-

189 3639 423 3707 quirenS,
464 3643 731 3710 quomodo
770 3643 930 3714 Papa,
971 3643 1062 3712 qui
1101 3646 1285 3711 potest
1322 3658 1516 3705 errare,
1555 3640 1727 3709 possit
1754 3658 1866 3691 esse
1892 3638 2114 3690 ultimus
2152 3639 2208 3687 et

188 3732 464 3782 supremus
484 3717 665 3786 judex,
709 3720 858 3787 cujus
885 3717 1166 3772 sententiae
1194 3733 1375 3768 omnes
1405 3715 1458 3766 in
1498 3713 1827 3767 conscientia
1866 3730 1921 3766 se
1947 3709 2204 3789 subjicere
