2722 4146
462 297 567 354 110

458 443 782 510 infallibilis,
823 443 1153 514 inquantum
1178 440 1431 497 Ecclesiae
1457 441 1780 500 universalis
1820 445 2140 520 suffragium
2173 451 2229 504 et
2266 449 2508 507 auctori·-

458 523 628 574 tatem
667 519 726 572 in
765 537 820 572 se
860 518 1134 588 exprimit,
1177 518 1320 588 quod
1359 522 1477 573 erat
1514 522 1870 590 probandum.

1395 771 1587 858 VII.

606 963 768 1017 Nunc
807 962 971 1016 facile
1009 963 1115 1017 erit
1155 964 1503 1030 difficultates
1539 966 1972 1023 adversariorum
2012 971 2234 1024 solvere.

620 1039 677 1092 1⁰
717 1038 973 1091 Pontifex
1029 1042 1112 1091 est
1161 1039 1578 1092 fundamentum
1618 1040 1885 1096 Ecclesiae.
1965 1043 2114 1115 Ergo
2168 1045 2210 1098 si
2263 1063 2374 1098 non
2426 1050 2508 1099 est

460 1113 784 1177 infallibilis,
814 1112 921 1165 nisi
947 1113 1142 1165 habeat
1169 1113 1488 1183 suffragium
1509 1114 1779 1181 Ecclesiae,
1809 1135 1920 1170 non
1949 1136 2060 1171 esse
2078 1119 2504 1184 fundamentum,

460 1188 606 1257 quod
637 1191 971 1241 sustentaret
997 1186 1302 1252 aedificium,
1331 1188 1422 1240 sed
1449 1189 1752 1254 aedificium,
1782 1191 1926 1259 quod
1953 1197 2288 1246 sustentaret
2314 1194 2507 1247 funda-

464 1266 724 1315 mentum.
803 1261 1212 1330 Respondemus
1242 1261 1526 1331 imprimiS,
1553 1263 1858 1317 locutiones
1885 1266 2210 1336 improprias
2249 1272 2304 1321 et
2327 1273 2507 1322 trans-

463 1338 601 1390 latas
630 1340 829 1405 praeter
869 1354 1094 1406 scopum
1133 1339 1187 1389 et
1226 1336 1387 1389 finem
1428 1337 1705 1406 loquentis
1745 1357 1859 1391 non
1885 1359 1998 1393 esse
2023 1341 2087 1393 ad
2113 1342 2317 1410 apicem
2339 1361 2507 1413 usque

462 1431 525 1464 111·
568 1410 747 1464 endaS.

528 1430 564 1482 g
612 1484 1019 1555 Respondemus
1059 1483 1277 1550 deinde,
1335 1484 1438 1537 hoc
1476 1490 1857 1556 argumentum
1896 1507 2199 1558 supponere
2238 1509 2407 1543 unum
2454 1495 2509 1544 et

463 1560 639 1612 solum
679 1559 832 1612 Rom.
874 1558 1193 1612 Pontificem
1237 1578 1349 1612 esse
1387 1560 1558 1613 totale
1610 1565 1664 1614 et
1714 1562 2056 1631 adaequatum
2095 1564 2505 1618 fundamentum

467 1634 740 1687 Ecclesiae.
822 1632 923 1686 Sed
962 1633 1065 1686 hoc
1105 1639 1187 1687 est
1226 1634 1367 1703 quod
1407 1635 1556 1688 venit
1595 1635 1653 1687 in
1693 1637 2072 1704 quaestionem,
2134 1642 2189 1692 et
2227 1640 2370 1708 quod
2410 1659 2507 1692 nos

465 1707 763 1777 Scripturis
818 1711 871 1761 et
919 1707 1216 1760 traditione
1268 1709 1639 1777 praeeuntibus
1687 1729 1964 1780 negamus.
2043 1712 2199 1768 Rom.
2249 1713 2504 1767 Pontifex

462 1782 643 1847 habet,
685 1786 746 1835 ut
785 1782 863 1835 ait
903 1780 956 1834 S.
988 1781 1258 1852 Augusti.,
1300 1782 1660 1851 Apostolatus
1687 1783 2013 1838 Primatum:
2055 1791 2137 1839 est
2175 1788 2506 1856 praecipuum

463 1856 874 1909 fundamentum
901 1855 1171 1921 Ecclesiae,
1213 1857 1304 1909 sed
1344 1876 1457 1909 non
1497 1858 1689 1922 solum,
1731 1859 1894 1911 etiam
1921 1859 2176 1929 Apostoli
2217 1880 2507 1932 eorumque

464 1949 814 1996 successores,
855 1930 1113 1999 Episcopi
1142 1935 1272 1984 sunt
1297 1931 1646 1986 fundamenta
1667 1933 1936 1998 Ecclesiae,
1978 1935 2189 1989 dicente
2217 1935 2504 2004 Apostolo,

462 2006 898 2072 superaedificati
950 2022 1108 2071 super
1155 2006 1564 2072 fmzdamentzmz
1600 2006 1972 2074 Apostolormn
2033 2015 2081 2062 et
2121 2012 2505 2077 prophetarum

462 2082 579 2146 ipso
637 2080 890 2147 anyularc'
940 2080 1118 2146 lupide
1180 2078 1393 2133 Christo
1450 2080 1604 2134 ἄθεα.
1693 2081 2036 2152 Quapropter
2093 2084 2505 2138 fundamentum

462 2154 634 2207 totale
685 2158 766 2207 est
823 2154 1164 2222 adaequatum
1204 2154 1457 2208 Ecclesiae
1511 2156 1874 2208 constitutum
1928 2175 1991 2209 ex
2041 2157 2196 2211 Rom.
2240 2159 2505 2212 Pontifice

464 2232 518 2281 et
565 2247 629 2280 ex
669 2228 954 2297 Episcopis
1007 2228 1114 2298 ipsi
1167 2229 1485 2282 coadunati:
1546 2230 1956 2283 fundamentum
2012 2232 2350 2302 adaequatum
2403 2233 2505 2286 Ec-

464 2303 640 2355 clesiae
678 2306 760 2356 est
800 2303 1041 2356 omnium
1080 2302 1479 2372 Episcoporum
1519 2304 1732 2368 choruS,
1777 2307 1928 2374 cujus
1969 2311 2147 2375 caput,
2189 2309 2505 2376 coryphaeus

464 2381 519 2430 et
569 2381 752 2430 vertex
803 2380 885 2430 est
926 2377 1079 2431 Rom.
1122 2376 1407 2430 Pontifex:
1467 2378 1692 2446 ideoque
1742 2380 2039 2434 auctoritas
2091 2381 2426 2451 Episcopalis
2476 2401 2507 2434 a

467 2451 684 2504 Christo
725 2451 784 2502 in
814 2450 1095 2519 Apostolis
1137 2451 1440 2505 constituta
1480 2452 1639 2505 debet
1676 2471 1788 2505 sese
1826 2453 2138 2508 harmonice
2179 2459 2507 2526 conjungere

464 2525 786 2578 auctoritati
832 2525 1123 2594 principali
1163 2525 1318 2579 Rom.
1361 2525 1645 2578 Pontificis
1685 2530 1747 2579 ut
1805 2546 1870 2580 ex
1923 2532 2151 2598 utraque
2200 2530 2507 2600 integretur

465 2598 601 2650 illud
641 2617 949 2667 supremum
988 2599 1359 2668 magisterium
1399 2604 1452 2652 et
1492 2599 1744 2652 ultimum
1784 2602 2042 2666 tribunal,
2096 2603 2180 2655 cui
2218 2623 2249 2656 a
2290 2604 2506 2656 Christo

467 2671 704 2725 Domino
766 2671 1004 2741 Spiritus
1070 2671 1247 2725 sancti
1306 2672 1642 2742 adjutorium
1698 2678 1752 2727 et
1821 2675 2098 2729 inerrandi
2155 2678 2505 2749 privilegium

468 2747 795 2815 promissum
834 2750 932 2799 est.

618 2822 680 2873 2⁰
721 2820 875 2875 Rom.
917 2819 1173 2874 Pontifici
1212 2819 1494 2872 definienti
1533 2823 1654 2872 tota
1692 2819 1932 2874 Ecclesia
1983 2822 2142 2877 debet
2195 2825 2409 2878 obedire
2449 2825 2506 2878 in

468 2894 814 2954 conscientia.
874 2894 1023 2965 Ergo
1050 2894 1097 2948 si
1124 2894 1279 2948 Rom.
1307 2893 1564 2947 Pontifex
1603 2898 1782 2963 posset
1825 2913 2020 2962 errare,
2061 2902 2266 2952 erraret
2293 2918 2506 2970 quoque

468 2970 723 3023 universa
760 2968 1016 3022 Ecclesia.

619 3043 1058 3112 Respondemus:
1110 3042 1231 3096 Hoc
1268 3046 1648 3113 argumentum
1687 3044 1978 3112 supponit,
2031 3065 2199 3099 unum
2237 3051 2292 3100 et
2332 3048 2506 3101 solum

469 3117 625 3170 Rom.
654 3117 978 3172 Pontificem
1004 3118 1198 3171 habere
1235 3135 1300 3170 ex
1339 3135 1394 3170 se
1418 3134 1534 3168 eam
1558 3117 1960 3183 auctoritatem,
2001 3124 2063 3173 ut
2089 3121 2507 3190 independenter

470 3209 502 3243 a
551 3195 671 3244 tota
720 3192 962 3246 Ecclesia
1017 3191 1193 3262 possit
1244 3191 1520 3260 imponere
1570 3191 1814 3262 regulam
1865 3193 1990 3246 fidei
2039 3213 2198 3264 quam
2256 3197 2509 3250 universa

471 3264 712 3318 Ecclesia
736 3266 882 3319 nuda
921 3270 975 3320 et
1003 3284 1143 3320 coeca
1171 3265 1475 3320 obedientia
1499 3265 1687 3319 debeat
1726 3267 2011 3336 suscipere,
2052 3269 2111 3322 in
2139 3271 2298 3323 corde
2323 3274 2507 3324 tenere

470 3342 527 3392 et
565 3357 657 3392 ore
693 3340 958 3408 profiteri.
1037 3340 1139 3394 Sed
1184 3341 1288 3394 hoc
1326 3343 1408 3392 est
1447 3339 1590 3408 quod
1616 3339 1768 3394 venit
1806 3339 1865 3393 in
1891 3343 2243 3411 quaestionem
2282 3348 2336 3398 et
2364 3343 2508 3414 quod

470 3430 572 3466 nos
611 3413 896 3481 scripturis
923 3418 979 3468 et
1004 3415 1300 3469 traditione
1338 3413 1706 3484 praeeuntibus
1744 3432 2015 3485 negamus.
2055 3417 2211 3471 Rom.
2251 3418 2507 3472 Pontifex

470 3486 662 3550 habet,
723 3490 786 3540 ut
836 3486 917 3540 ait
966 3487 1139 3559 Aug,
1204 3487 1519 3558 apostolicae
1569 3488 1835 3542 cathedrae
1890 3491 2287 3561 principatum,
2345 3493 2509 3546 habet

474 3561 769 3631 primatum
804 3557 1030 3614 honoris
1076 3567 1130 3616 et
1165 3561 1561 3633 jurisdictionis
1600 3561 1660 3615 in
1710 3562 2016 3617 universam
2054 3566 2372 3632 Ecclesiam,
2425 3569 2508 3619 est

473 3633 804 3705 principium
853 3634 1082 3688 unitatis
1102 3676 1114 3700 ,
1174 3637 1264 3690 sed
1313 3655 1426 3690 non
1474 3635 1552 3689 ita
1599 3640 1661 3690 ut
1699 3637 1846 3690 solus
1897 3641 1951 3692 et
2008 3639 2430 3710 independenter
2474 3658 2508 3692 a

475 3726 796 3780 quacunque
835 3707 948 3763 sive
985 3710 1334 3765 antecedente
1383 3710 1496 3766 sive
1541 3710 1939 3766 concomitante
1987 3713 2099 3769 sive
2148 3715 2508 3786 subsequente
