2722 4146
2144 252 2215 314 ’13

327 407 559 463 Actione
584 409 679 462 IV.
722 413 777 462 613
815 409 881 463 V.
923 410 1074 462 lectae
1115 413 1245 464 sunt
1282 409 1526 479 epistolae
1564 408 1776 462 Nicolai
1802 408 1961 478 Papae
1988 408 2220 462 Romani

180 489 235 537 et
273 483 466 554 Legati
504 486 702 537 sanctae
741 483 879 536 sedis
906 483 1100 537 merito
1131 484 1544 549 contendebant,
1587 502 1797 537 causam
1823 482 2008 537 Photii
2029 484 2220 553 justis-

180 558 312 610 sime
350 558 514 610 fuisse
551 577 583 610 a
621 557 766 627 Papa
805 556 1032 610 Nicolao
1066 558 1377 627 judicatam,
1417 560 1548 628 ejus·
1570 557 1898 611 sententiam
1950 557 2116 611 fuisse
2154 559 2220 610 ab

181 631 547 684 Orientalibus
580 632 693 700 jam
732 635 1051 700 susceptam,
1103 651 1134 684 a
1174 632 1414 701 paternis
1466 632 1853 685 traditionibus
1905 651 2019 684 non
2064 651 2222 700 posse

179 705 395 768 discedi,
434 724 531 758 nec
570 724 624 758 se
661 705 888 769 laturos,
931 709 994 758 ut
1030 725 1061 757 a
1100 714 1285 759 sancta
1311 706 1519 774 synodo
1546 725 1659 759 non
1685 706 2053 775 suscipiantur
2080 707 2222 775 ejus-

183 779 327 832 modi
359 779 564 848 judicia
602 783 712 831 tam
753 779 1026 832 evidenter
1059 782 1210 849 justa
1249 784 1303 833 et
1343 780 1595 833 canonice
1634 799 1665 832 a
1703 784 1889 833 sancta
1927 780 2047 833 sede
2091 799 2220 848 pro-

180 854 306 906 lata.
365 854 565 906 Tamen
593 857 654 906 ut
681 854 949 906 sententia
969 854 1124 906 Rom.
1148 854 1431 907 Pontificis
1457 854 1789 922 synodaliter
1811 854 2218 922 adprobaretur,

180 927 494 980 solemniter
533 927 946 997 interrogarunt
984 927 1200 980 Patres:
1242 928 1317 980 Et
1352 931 1478 996 post
1515 928 1819 991 lectionem,
1848 928 1939 980 -ita
1978 928 2036 980 in
2068 928 2219 992 actiS,

179 1002 503 1054 sanctissimi
541 1001 746 1054 Vicarii
784 1001 1013 1054 senioris
1052 1001 1235 1054 Romae
1288 1002 1568 1054 dixerunt:
1623 1002 1688 1054 ad
1738 1002 1853 1055 haec
1906 1002 2035 1070 quid
2088 1002 2221 1056 dicit

184 1079 369 1128 sancta
409 1076 683 1144 synodus?
728 1079 858 1128 sunt
897 1076 1025 1139 haec,
1068 1093 1186 1144 quae
1225 1096 1256 1128 a
1280 1075 1436 1128 nobis
1463 1094 1558 1144 per
1590 1076 1879 1128 lectionem
1905 1076 2048 1128 dicta
2076 1080 2222 1141 sunt,

181 1153 236 1202 et
273 1149 414 1217 apud
453 1168 548 1202 vos
587 1152 843 1218 accepta?
924 1148 1121 1202 Sancta
1160 1154 1213 1203 et
1253 1150 1572 1202 universalis
1600 1150 1838 1218 synodus
1875 1151 2219 1203 exclamavit:

180 1223 484 1292 Recipimus
525 1223 732 1276 omnia:
774 1224 926 1276 valde
966 1225 1165 1292 quippe
1204 1231 1331 1276 sunt
1370 1224 1601 1276 discreta
1641 1227 1696 1278 et
1735 1242 1975 1295 congrua
2014 1227 2069 1278 et
2095 1243 2222 1277 con-

182 1316 315 1350 sona
355 1298 728 1351 ecclesiasticis
768 1298 971 1368 regulis
1010 1302 1172 1369 atque
1210 1299 1436 1368 legibus

330 1368 413 1424 Εΐι
469 1373 736 1441 quomodo
800 1372 1138 1425 oecumenicae
1203 1372 1396 1440 synodi
1457 1372 1763 1441 suscipiunt
1828 1375 2030 1424 sanctae
2085 1371 2223 1424 sedis

186 1446 398 1498 decreta
437 1446 687 1515 synodali
721 1447 945 1516 judicio,
987 1447 1082 1498 illa
1122 1450 1493 1515 comparantes
1533 1446 1906 1499 ecclesiasticis
1932 1446 2142 1516 legibus
2170 1449 2224 1500 et

188 1521 513 1583 canonibus3
555 1521 784 1574 veritate
824 1525 1104 1590 perspecta
1145 1520 1345 1586 (Mansi
1385 1524 1514 1574 tom.
1555 1520 1702 1573 XVI.
1744 1540 1794 1589 p.
1839 1520 1948 1589 79).

333 1594 398 1646 In
456 1595 668 1647 actione
726 1595 849 1648 VII.
909 1596 1049 1647 lecta
1107 1598 1236 1647 sunt
1292 1595 1503 1647 decreta
1562 1595 1755 1663 synodi
1811 1595 2068 1647 Romanae
2125 1594 2223 1646 sub

182 1667 481 1732 Hadriano,
523 1673 579 1722 613
616 1669 750 1721 illud
791 1670 970 1732 etiam,
993 1669 1300 1721 Romanum
1320 1669 1639 1721 Pontificem
1677 1669 1742 1721 de
1782 1669 2019 1721 omnium
2057 1668 2223 1720 eccle-

183 1743 386 1795 siarum
425 1743 747 1812 praesulibus
780 1744 1048 1813 judicasse
1087 1743 1344 1812 legimus3
1386 1743 1448 1794 de
1488 1761 1550 1795 eo
1578 1762 1703 1795 vero
1738 1761 2056 1812 quemquam
2077 1742 2223 1810 judi-

184 1835 329 1869 casse
367 1836 480 1869 non
520 1817 777 1888 legimus:
818 1818 947 1870 licet
988 1817 1132 1870 enim
1171 1817 1420 1869 Honorio
1448 1818 1513 1869 ab
1543 1815 1912 1870 Orientalibus
1939 1816 2224 1868 anathema

182 1894 307 1959 post
345 1895 575 1943 mortem
615 1892 688 1944 sit
727 1892 948 1955 dictum,
990 1891 1262 1944 sciendum
1304 1895 1485 1943 tamen
1524 1895 1622 1954 est,
1663 1891 1806 1960 quod
1845 1891 2024 1942 fuerat
2063 1909 2224 1958 super

182 1965 373 2017 haeresi
431 1970 728 2030 accusatuS,
787 1970 1013 2035 propter
1065 1984 1224 2034 quam
1275 1966 1449 2017 solum
1511 1965 1722 2017 licitum
1787 1968 1870 2018 est
1921 1963 2223 2016 minoribus

185 2041 448 2108 majorum
501 2059 724 2092 suorum
773 2041 1008 2092 motibus
1062 2039 1376 2103 resistendi,
1441 2040 1525 2091 vel
1575 2058 1771 2108 pravos
1833 2057 2019 2092 sensus
2060 2038 2227 2090 libere

185 2114 474 2183 respuendi
514 2118 613 2167 ete.
695 2112 895 2180 (Mansi
934 2118 1066 2167 tom.
1107 2113 1253 2166 XVI.
1295 2133 1347 2182 p.
1398 2113 1541 2182 126.)

330 2187 488 2240 Unde
514 2207 578 2240 ex
603 2189 934 2241 auctoritate
959 2187 1118 2257 Papae
1144 2187 1409 2239 Hadriani
1436 2187 1630 2256 synodi
1658 2187 1914 2239 Romanae
1950 2191 2006 2240 et
2030 2187 2226 2255 synodi

184 2263 524 2315 oecumenicae
563 2266 766 2315 octavae
786 2263 1134 2314 manifestum
1174 2265 1272 2325 est,
1315 2261 1582 2331 quomodo
1623 2261 1979 2331 intelligenda
2018 2261 2091 2313 sit
2129 2261 2226 2312 illa

183 2337 389 2406 regula,
430 2336 749 2389 Pontificem
788 2336 943 2388 Rom.
986 2336 1049 2388 de
1090 2336 1336 2388 omnibus
1369 2335 1590 2405 judicat,
1632 2335 1744 2404 ipse
1784 2353 1910 2387 vero
1949 2354 1980 2387 a
2013 2334 2226 2387 nemine

181 2410 415 2480 judicari
453 2414 650 2479 potest,
692 2414 756 2463 ut
793 2410 998 2463 scilicet
1038 2428 1195 2462 causa
1233 2409 1356 2461 fidei
1395 2413 1616 2477 excepta
1652 2409 2010 2479 intelligatur.

331 2483 472 2536 Nam
508 2484 788 2537 Honorius
828 2485 1008 2537 fuerat
1060 2487 1340 2536 accusatus
1391 2483 1451 2534 in
1503 2501 1660 2535 causa
1711 2483 1850 2546 fidei,
1905 2486 1959 2535 et
2012 2482 2226 2551 quidem

186 2578 296 2611 non
335 2577 439 2627 qua
479 2558 694 2627 privata
731 2576 979 2626 persona,
1021 2558 1111 2610 sed
1139 2577 1243 2626 qua
1270 2556 1524 2609 Pontifex
1551 2559 1776 2625 propter
1802 2556 1924 2609 illas
1951 2556 2225 2625 epistolas,

185 2651 316 2700 quas
367 2632 659 2685 secundum
711 2651 905 2684 munus
956 2632 1040 2684 sui
1093 2631 1366 2684 Primatus
1417 2631 1483 2682 ad
1530 2630 1873 2683 patriarchas
1923 2630 2225 2684 Orientales

184 2707 419 2759 miserat.
495 2706 727 2775 Ideoque
767 2706 1061 2759 secundum
1099 2705 1483 2758 auctoritatem
1522 2704 1681 2773 Papae
1720 2704 1981 2757 Hadriani
2031 2704 2227 2773 synodi

184 2780 442 2833 Romanae
481 2784 538 2833 et
577 2780 773 2849 synodi
811 2780 1148 2832 oecumenicae
1170 2779 1321 2832 VIII.
1365 2779 1657 2831 tenendum
1697 2783 1795 2842 est,
1837 2797 1948 2831 non
1987 2779 2044 2830 in
2068 2778 2226 2829 unius

185 2855 338 2907 Rom.
386 2854 664 2907 Pontificis
702 2854 977 2923 personali
1018 2858 1073 2907 et
1109 2872 1140 2905 a
1179 2857 1298 2907 tota
1348 2853 1590 2904 Ecclesia
1641 2853 2024 2920 independenti
2071 2855 2225 2919 pote·-

186 2932 343 2993 state‚
399 2929 490 2981 sed
546 2928 603 2980 in
645 2928 941 2980 universali
999 2927 1172 2981 totius
1219 2926 1471 2980 Ecclesiae
1531 2945 1797 2978 consensu
1856 2929 1911 2978 et
1967 2925 2224 2993 suffragio

186 3002 504 3055 collocatam
543 3003 709 3055 fuisse
747 3022 777 3054 a
818 3002 1034 3055 Christo
1075 3020 1376 3070 supremam
1405 2999 1630 3052 docendi
1655 2999 2052 3063 auctoritatem,
2095 2998 2225 3051 ulti-

189 3095 334 3128 mum
366 3077 647 3146 judicium,
688 3076 1080 3129 irreformabile
1119 3075 1507 3145 magisterium.

335 3151 400 3202 In
438 3151 652 3203 actione
703 3150 752 3202 X
820 3151 1053 3220 ejusdem
1103 3149 1440 3201 oecumenicae
1490 3146 1684 3215 synodi
1737 3145 1890 3198 VIII.
1945 3164 2059 3198 can.
2103 3150 2223 3198 21.:

194 3223 568 3276 «Dominicum
607 3243 923 3289 sermonem,
966 3242 1123 3292 quem
1163 3222 1409 3275 Christus
1450 3219 1652 3273 sanctis
1691 3218 1975 3289 Apostolis
2024 3223 2078 3272 et
2117 3219 2225 3272 dis-

191 3297 383 3365 cipulis
422 3297 533 3350 suis
572 3298 729 3362 dixit,
770 3299 896 3368 quia
935 3297 1028 3366 qui
1067 3316 1162 3350 vos
1215 3296 1431 3364 recipit,
1481 3312 1564 3345 me
1614 3294 1824 3362 recipit,
1880 3297 1934 3346 et
1986 3293 2079 3362 qui
2130 3312 2225 3346 vos

191 3371 418 3439 spernit,
479 3389 562 3422 me
600 3373 824 3439 spernit,
885 3372 952 3424 ad
993 3389 1176 3423 omnes
1229 3371 1406 3432 etiam,
1467 3368 1559 3436 qui
1609 3371 1735 3436 post
1787 3386 1876 3420 eos
1934 3367 2223 3420 secundum

191 3445 338 3512 ipsos
376 3444 505 3497 facti
543 3450 671 3497 sunt
710 3447 902 3497 summi
942 3445 1229 3497 Pontifices
1281 3446 1335 3495 et
1374 3445 1651 3510 pastorum
1698 3441 1977 3511 Principes
2023 3441 2082 3492 in
2121 3441 2223 3493 Ec·-

193 3519 353 3570 clesia
393 3518 673 3582 catholica,
713 3518 912 3572 dictum
970 3536 1082 3570 esse
1135 3517 1427 3579 credenteS‚
1481 3515 1763 3568 definimus
1805 3556 1816 3568 .
1860 3557 1871 3568 .
1914 3535 1962 3568 .»
2018 3514 2223 3567 scilicet

191 3611 258 3644 ne
297 3591 415 3662 quis
455 3592 654 3660 Papam
693 3592 846 3646 Rom.
891 3593 973 3645 vel
999 3590 1338 3644 Patriarchas
1364 3589 1672 3642 inhonoret.
1750 3589 1944 3642 Postea
1977 3589 2040 3640 de
2067 3587 2220 3639 Rom.

193 3665 412 3720 ecclesia
464 3666 523 3718 in
572 3665 716 3720 hunc
753 3683 992 3721 sensum:
1050 3664 1254 3719 «Porro
1305 3663 1351 3718 si
1402 3663 1639 3734 synodus
1691 3663 2010 3718 universalis
2055 3660 2223 3718 fuerit
