2722 4146
2179 259 2247 313 25

210 397 448 454 Ecclesia
488 418 604 452 mea
643 398 914 454 studuerit
965 419 1094 466 esse,
1147 406 1202 456 et
1239 403 1304 456 de
1342 402 1444 469 his,
1505 404 1598 474 qui
1638 404 1716 458 ita
1755 403 1987 458 confessi
2026 406 2248 472 fuerint,

209 478 384 544 portae
422 473 584 527 inferi
623 493 733 526 non
760 475 1133 543 praevalebunt
1159 477 1415 531 adversus
1440 498 1546 544 eOS‚
1590 482 1653 532 ut
1677 479 1890 548 possint
1917 497 2007 532 eos
2033 481 2250 534 trahere

210 549 277 602 ad
317 567 388 612 se,
431 551 492 601 ut
530 549 642 618 ipse
681 548 815 601 alias
855 549 1021 603 dixit:
1062 550 1231 605 Nemo
1262 558 1436 619 potest
1473 571 1662 620 rapere
1687 571 1803 608 oves
1827 571 1972 607 meas
2000 555 2062 607 de
2087 573 2251 609 mcum

211 641 326 678 mea
367 667 377 678 .
422 662 433 674 .
476 667 486 676 .
530 622 606 675 Et
644 624 979 691 quodcunque
1037 625 1290 692 liyaveris
1330 670 1340 680 .
1385 669 1396 679 .
1439 669 1450 679 .
1511 627 1631 680 Hoc
1687 631 1802 680 tam
1846 627 2027 692 Petro,
2088 648 2249 698 quam

209 696 459 749 omnibus
498 696 782 765 Apostolis
810 701 864 750 et
888 700 1286 753 successoribus
1313 720 1515 765 eorum,
1557 702 1650 771 qui
1675 702 1734 754 in
1759 702 1997 755 Ecclesia
2023 704 2249 756 eundem

208 771 386 823 locum
425 774 633 834 tenent,
674 776 819 824 recte
847 773 1108 826 credimus
1136 792 1462 853 concessum,
1504 776 1629 845 quia
1656 777 1770 845 ipse
1795 779 1921 845 post
1946 777 2250 846 passionem

208 863 474 914 apparens
514 846 588 897 eis
629 845 796 899 dixit:
849 846 1092 914 Accipite
1132 847 1398 914 Spiritum
1448 856 1720 904 sanctum:
1772 868 1997 918 quorum
2035 854 2250 906 remise-

208 922 334 972 ritis
374 961 384 971 .
430 959 442 970 .
485 959 496 971 .
538 923 601 972 ut
641 920 889 974 videlicet
929 941 1048 974 cum
1089 924 1416 992 agnoverint
1467 943 1650 978 causas
1702 926 2055 994 peccantium,
2113 946 2248 996 quos

207 994 564 1063 cognoverint
622 1013 744 1047 vere
784 996 1159 1063 poenitentiam
1216 1016 1374 1067 agere
1433 1002 1487 1051 et
1526 999 1672 1051 nolle
1724 1000 1870 1052 ultra
1923 1002 2126 1054 reverti
2181 1002 2247 1054 ad

208 1068 470 1120 vomitum
528 1070 752 1137 peccati,
813 1070 936 1122 illos
995 1071 1272 1123 absolvere
1331 1072 1523 1142 dignos
1569 1073 1830 1142 judicent,
1891 1078 1945 1127 et
1983 1094 2014 1126 a
2052 1075 2249 1128 timore

206 1142 398 1194 mortis
438 1147 712 1211 perpetuae
753 1145 1116 1199 consolentur.
1197 1146 1341 1208 Quos
1368 1165 1494 1198 vero
1530 1147 1587 1199 in
1615 1148 1848 1216 peccatis
1877 1149 2247 1202 criminalibus

206 1216 370 1269 vitam
394 1217 551 1269 finire
578 1218 833 1282 viderint,
875 1219 996 1271 illos
1024 1220 1302 1288 perpetuis
1328 1221 1608 1289 suppliciis
1634 1222 1926 1275 tradendos
1952 1223 2246 1288 insinuent,

206 1291 346 1344 sicut
387 1291 502 1359 ipse
541 1292 789 1345 dominus
829 1294 1074 1347 insinuat
1121 1294 1326 1347 dicens:
1381 1294 1445 1348 So·
1492 1295 1793 1350 Ecclesiam
1841 1314 1943 1350 non
1993 1298 2245 1362 audierit,

204 1367 278 1418 sit
336 1366 432 1417 tibi
489 1367 627 1419 sicut
683 1368 916 1420 ethnicus
974 1373 1022 1420 et
1074 1369 1407 1434 publicanus.
1490 1370 1642 1432 Quod
1696 1374 1876 1423 autem
1934 1372 2086 1440 quasi
2145 1373 2246 1426 soli

206 1439 368 1492 Petro
412 1439 522 1492 haec
562 1441 765 1510 legatio
807 1442 913 1494 dici
954 1443 1184 1506 videtur,
1246 1443 1363 1496 ideo
1413 1444 1491 1507 fit,
1546 1446 1670 1512 quia
1723 1445 1836 1513 ipse
1894 1446 2108 1499 locutus
2167 1451 2247 1500 est

204 1534 302 1583 pro
360 1515 624 1578 omnibus,
685 1520 738 1569 et
790 1517 847 1568 in
897 1517 1015 1585 ipso
1071 1518 1320 1570 omnibus
1372 1537 1690 1586 responsum
1730 1523 1827 1582 est,
1878 1524 1931 1572 et
1970 1521 2083 1589 ipse
2122 1540 2247 1573 vera

205 1588 309 1640 fide
349 1589 624 1641 confessus
665 1595 763 1654 est,
805 1595 859 1643 et
900 1610 1026 1643 vero
1066 1610 1248 1644 amore
1293 1593 1473 1645 fuerat
1523 1597 1754 1656 secutm,
1811 1594 1973 1645 etiam
2026 1595 2092 1646 ob
2145 1595 2247 1647 1100

204 1666 265 1715 ut
323 1681 506 1715 omnes
566 1665 842 1717 credentes
897 1684 995 1734 pro
1045 1669 1191 1718 certo
1258 1666 1451 1730 sciant,
1512 1667 1656 1735 quod
1716 1668 2019 1736 quicunque
2073 1688 2129 1721 se
2181 1670 2246 1721 ab

203 1737 414 1789 unitate
455 1737 578 1789 fidei
617 1740 1039 1808 segregaverint,
1081 1758 1180 1792 nec
1218 1741 1425 1793 veniam
1466 1745 1809 1809 peccatorum
1850 1750 2247 1812 consequentur

203 1829 299 1864 nec
337 1811 545 1863 aditum
587 1813 742 1882 regni
782 1813 1038 1866 coelorum
1079 1814 1287 1867 intrare
1326 1819 1641 1884 poterunt.»

348 1884 543 1939 Patres
585 1885 971 1941 Cobillonenses
1009 1908 1135 1942 ann.
1180 1893 1282 1942 875
1314 1890 1659 1960 privilegium
1687 1890 2008 1943 Monasterii
2033 1892 2246 1945 Tornu-

202 1959 391 2012 tiensis
431 1960 506 2012 sic
544 1965 824 2015 statuunt:
871 1962 1267 2027 «Auctoritate,
1318 1983 1476 2032 quam
1517 1984 1547 2016 a
1589 1964 1805 2018 Christo
1845 1964 1974 2018 Jesu
2013 1966 2245 2019 Domino

198 2038 386 2087 nostro
415 2054 622 2088 summo
653 2037 930 2090 sacerdote
957 2037 1014 2089 in
1040 2037 1203 2090 Petro
1231 2039 1583 2106 accepimus»
1647 2039 1801 2101 Quod
1828 2040 2017 2092 itidem
2044 2042 2245 2110 legitur

198 2128 283 2162 an.
329 2113 433 2161 878
476 2110 533 2161 111
574 2111 809 2178 ejusdem
848 2112 1123 2182 privilegii
1153 2113 1567 2166 confirmatione
1588 2114 2050 2168 subscribentibus
2074 2115 2243 2168 Hinc-

198 2202 346 2235 maro
388 2183 679 2236 Rhemensi
718 2189 773 2237 et
813 2186 949 2238 aliis.
1423 2185 1426 2188 ⁴

346 2257 604 2310 Ethai-ius
643 2263 697 2310 et
735 2259 945 2312 Beatus
982 2260 1041 2310 in
1063 2260 1153 2312 lib.
1177 2260 1217 2314 I.
1262 2265 1451 2313 contra
1478 2261 1726 2330 Elipand.
1757 2262 2004 2315 Toletan.
2034 2262 2240 2332 Episc.:

204 2332 390 2393 «Quod
434 2331 592 2383 Petro
634 2332 798 2385 dixit:
843 2332 1016 2398 Super
1053 2333 1186 2386 hauc
1216 2339 1431 2399 petram
1472 2376 1483 2386 .
1528 2375 1539 2385 .
1584 2376 1594 2386 .
1637 2355 1747 2388 non
1788 2336 1890 2388 soli
1929 2336 2110 2401 Petro,
2152 2338 2241 2390 sed

198 2406 355 2457 nobis
396 2405 645 2458 omnibus
685 2406 836 2459 dixit.
915 2407 1038 2459 Non
1087 2408 1340 2460 revelavit
1389 2409 1492 2461 tibi
1554 2410 1704 2462 istud
1751 2428 1873 2462 caro
1913 2415 1962 2462 et
1999 2414 2237 2479 sanquis,

196 2480 288 2531 sed
326 2478 494 2531 Pater
533 2498 692 2544 mem,
737 2483 829 2548 qui
866 2483 923 2533 in
964 2482 1118 2535 coelis
1157 2487 1249 2546 est,
1290 2501 1402 2534 non
1442 2483 1617 2535 solum
1643 2483 1826 2549 Petm,
1869 2485 1959 2538 sed
1986 2490 2040 2539 et
2065 2487 2239 2551 nobis,

200 2553 293 2622 qui
333 2553 410 2605 sic
449 2554 728 2619 credimus,
771 2560 832 2608 ut
871 2555 1079 2608 Petrus

346 2627 672 2695 Euthymius
709 2630 1013 2697 Ziyabeozus
1063 2631 1122 2682 in
1176 2629 1370 2683 Matth.
1425 2630 1603 2683 XVI.:
1656 2633 1771 2685 «Tu
1824 2652 1876 2686 es
1926 2634 2136 2698 Petrus,
2179 2640 2239 2688 ut

198 2702 302 2770 qui,
330 2706 455 2770 post
493 2703 908 2773 abnegationem
949 2705 1075 2756 fidei
1114 2709 1268 2774 petra
1307 2706 1528 2758 futurus
1569 2724 1652 2758 es:
1713 2707 1796 2759 vel
1836 2711 2094 2777 tanquam
2127 2711 2240 2778 jam

196 2779 374 2828 mente
413 2776 615 2829 firmus.
695 2778 885 2847 Itaque
923 2798 1082 2847 super
1122 2779 1259 2832 hanc
1298 2780 1610 2832 firmitatem
1650 2781 1920 2834 aedificabo
1948 2782 2239 2835 Ecclesiam

197 2868 384 2914 meam,
436 2850 547 2902 sive
598 2856 652 2905 te
692 2872 888 2920 ponam
940 2854 1352 2906 fundamentum
1392 2854 1754 2907 credentium:
1807 2856 2046 2909 Ecclesia
2097 2857 2234 2909 enim

197 2924 379 2976 fideles
419 2928 563 2978 sunt.
640 2926 758 2979 Hoc
778 2932 958 2980 autem
998 2927 1136 2980 dixit
1176 2928 1415 2980 excitans
1455 2933 1568 2997 ejus
1589 2929 1934 2997 prudentiam
1973 2931 2040 2982 ad
2067 2935 2238 2984 artem

197 2999 583 3066 pascendarum
623 3001 819 3054 ovium.
898 3001 975 3054 Et
1013 3003 1147 3054 dabo
1187 3003 1286 3054 tibi
1325 3002 1494 3055 cla-ves
1542 3005 1693 3071 reyni
1747 3005 2030 3057 coelorum:
2091 3006 2237 3058 vide-

197 3071 323 3124 licet
362 3077 423 3125 ut
463 3073 530 3125 ad
569 3074 704 3127 illud
745 3076 1076 3139 introducas,
1136 3076 1397 3145 siquidem
1449 3077 1707 3146 clavigeri
1745 3082 1826 3131 est
1875 3079 2234 3133 introducere.

198 3143 371 3214 Atqui
408 3147 510 3199 hoc
536 3148 738 3201 donum
766 3154 1083 3203 caeterorum
1109 3150 1272 3203 etiam
1299 3151 1404 3203 fuit
1424 3150 1844 3219 Apostolorum3
1886 3154 1976 3206 sed
2002 3154 2236 3222 primum

197 3219 323 3272 huic
376 3220 562 3274 datum
616 3228 712 3288 est,
773 3225 898 3293 quia
955 3225 1162 3293 primus
1220 3224 1308 3277 hic
1355 3225 1553 3276 Filium
1611 3225 1714 3278 Dei
1761 3227 2065 3297 legitimum
2123 3247 2237 3282 esse

200 3292 475 3347 Christum
533 3297 706 3350 fassus
753 3302 849 3351 est.
948 3299 1074 3350 Ideo
1134 3317 1345 3367 quoque
1397 3303 1522 3367 post
1584 3298 1884 3354 Salvatoris
1938 3302 1996 3354 in
2045 3304 2236 3355 coelum

198 3368 619 3436 assumptionem
678 3389 790 3441 prae
844 3373 1091 3426 omnibus
1144 3374 1310 3443 longo
1363 3372 1547 3426 docuit
1603 3378 1869 3444 tempore,
1928 3377 2235 3446 multosque

197 3442 504 3495 introduxit
543 3445 608 3497 ad
648 3447 807 3498 fidem
849 3490 859 3500 .
904 3489 914 3500 .
960 3492 969 3501 .
1024 3445 1127 3499 Sed
1167 3447 1381 3499 Marcus
1437 3450 1491 3500 et
1527 3447 1700 3502 Lucas
1755 3450 2036 3504 brevitatis
2077 3470 2233 3503 causa

196 3515 346 3569 Petri
370 3520 774 3585 responsionem
799 3541 895 3590 per
918 3521 1290 3590 compendium
1316 3521 1582 3587 dixerunt,
1619 3523 1737 3577 ideo
1765 3527 1819 3578 et
1845 3525 2234 3578 beatitudinem

197 3592 310 3664 ejus
350 3593 403 3646 et
442 3590 608 3648 alium
647 3593 907 3652 honorem
944 3599 1262 3653 tacuerunt:
1319 3595 1479 3653 simul
1537 3598 1700 3655 etiam
1755 3598 1984 3657 scientes
2035 3618 2156 3656 eum
2202 3619 2233 3656 a
