2722 4146
2176 284 2246 337 47

203 422 254 479 b.
294 422 455 495 Papae
493 423 689 490 nostri,
730 423 824 496 qui
864 430 947 480 est
984 425 1157 480 totius
1197 427 1321 481 fidei
1359 427 1443 481 vel
1483 427 1645 483 etiam
1665 427 2061 499 Apostolorum
2087 434 2250 500 caput

201 499 588 569 praesentisque
624 499 786 569 hujus
835 501 1010 554 sancti
1063 506 1229 555 coetus
1269 503 1594 557 sententiam
1643 522 1744 558 nos
1795 523 2009 574 quoque
2048 506 2247 559 confir-

199 592 418 638 111011108,
460 573 811 627 conformiter
849 593 1034 628 eorum
1072 576 1453 645 depositioni.»
1548 584 1557 593 '

346 647 565 701 Auditis
616 648 771 712 actis,
825 648 1111 719 Philippus
1161 653 1444 721 presbyter
1496 657 1550 706 et
1602 653 1916 722 apostolicae
1967 653 2106 708 sedis
2146 654 2247 707 Le-

197 725 356 792 gatus
415 722 583 775 dixit:
647 721 835 775 «Nulli
874 723 1110 789 dubium,
1173 726 1281 779 imo
1340 728 1548 781 saeculis
1608 728 1858 781 omnibus
1914 732 2107 782 notum
2145 733 2244 793 est,

198 796 342 864 quod
393 815 434 849 8.
487 796 931 866 beatissimusque
982 799 1175 853 Petrus
1225 799 1619 869 Apostolorum
1669 802 1922 872 princeps
1973 806 2029 856 et
2082 808 2246 873 caput

199 870 426 938 fideique
465 870 712 923 columna
753 875 806 924 et
846 872 1098 926 Ecclesiae
1139 875 1418 928 catholicae
1457 877 1884 941 fundamentum,
1930 895 1961 928 a
2007 876 2242 931 Domino

196 948 386 996 nostro
425 943 552 996 Jesu
595 944 828 1010 Christo,
891 949 1160 1000 salvatore
1216 949 1439 1001 11001001
1497 950 1708 1020 generis
1766 970 1827 1003 ac
1883 952 2240 1021 redemptore,

195 1018 368 1070 claves
408 1019 563 1088 regni
599 1021 822 1089 accepit,
865 1022 1211 1091 solvendique
1250 1042 1311 1076 ac
1349 1024 1556 1094 ligandi
1595 1033 1812 1094 peccata
1853 1029 2091 1094 potestas
2138 1027 2243 1096 ipsi

195 1092 319 1144 data
360 1097 467 1145 est:
512 1094 603 1162 qui
645 1094 710 1145 ad
749 1095 851 1147 hoc
894 1114 1060 1164 usque
1099 1101 1311 1166 tempus
1352 1102 1407 1151 01
1445 1117 1653 1168 semper
1694 1099 1749 1151 in
1791 1100 1901 1152 suis
1923 1101 2244 1154 successori-

193 1166 291 1218 bus
331 1167 468 1219 vivit
508 1172 562 1220 et
605 1168 869 1237 judicium
917 1175 1183 1224 exercet.»
1275 1172 1471 1225 Postea
1522 1174 1862 1226 confirmavit
1915 1175 2241 1228 sententiam

192 1239 251 1291 in
290 1239 606 1294 Nestorium
644 1242 729 1295 his
769 1244 973 1296 verbis:
1021 1245 1295 1298 «Firmum
1335 1265 1464 1317 ergo
1505 1252 1588 1301 est
1619 1250 1779 1317 juxta
1818 1250 2049 1301 omnium
2088 1251 2242 1303 cccle-

191 1315 399 1367 siarum
437 1316 708 1368 decretum
749 1315 893 1383 (nam
936 1318 1230 1373 Orientalis
1283 1325 1338 1374 01
1390 1320 1752 1376 Occidentalis
1791 1323 2025 1375 ecclesiae
2065 1343 2239 1376 sacer-

193 1389 344 1441 dotes
385 1390 467 1441 vel
507 1408 600 1458 per
640 1409 694 1442 se
734 1393 818 1444 vel
858 1397 1001 1446 certe
1040 1412 1134 1463 per
1174 1395 1382 1464 legatos
1421 1415 1546 1449 8008
1585 1397 1906 1450 sacerdotali
1945 1397 2070 1451 huic
2109 1417 2238 1452 000-

192 1464 361 1515 808801
399 1464 636 1533 adsunt),
679 1467 817 1534 quod
858 1468 916 1519 in
956 1467 1133 1536 ipsum
1175 1467 1536 1536 (Nestorium)
1579 1471 2001 1538 pronunciatum
2041 1477 2122 1526 est
2150 1515 2161 1526 .
2187 1515 2198 1525 .
2224 1515 2236 1526 .

191 1537 488 1605 Propterea
525 1538 750 1591 Patrum
789 1542 1097 1595 sanctiones
1136 1547 1317 1595 secuta
1355 1562 1589 1611 praesens
1628 1564 1668 1596 S.
1711 1545 1951 1612 synodus
1983 1547 2238 1600 adversus

192 1611 417 1679 impium
456 1614 905 1684 temerariumque
944 1614 1260 1669 Nestorium
1300 1617 1412 1670 lata
1450 1619 1722 1671 sententia
1759 1619 2057 1673 definivit.»

337 1684 600 1739 Arcadius
658 1688 975 1758 EpiscopUS,
1029 1691 1169 1743 sedis
1221 1692 1534 1759 apostolica}
1587 1692 1854 1763 LegatUS,
1913 1695 2238 1747 sententiam

191 1760 532 1813 confirmavit
573 1761 654 1813 his
694 1764 899 1816 verbis:
946 1763 1094 1817 «Nos
1134 1764 1298 1817 etiam
1325 1767 1495 1818 secuti
1533 1767 1839 1819 sanctiones
1873 1769 1985 1836 jam
2023 1769 2145 1821 inde
2171 1771 2235 1821 ab

189 1833 349 1886 initio
388 1835 617 1888 traditas
656 1856 686 1888 a
727 1838 928 1890 sanctis
967 1837 1250 1907 Apostolis
1305 1843 1359 1892 et
1414 1842 1478 1893 ab
1520 1841 1757 1894 Ecclesia
1806 1842 2072 1894 catholica
2113 1843 2237 1910 (hoc

189 1908 331 1959 enim
390 1909 708 1974 docuerunt,
769 1913 910 1980 quod
970 1932 1001 1964 a
1052 1913 1116 1966 D.
1171 1912 1238 1965 N.
1293 1913 1342 1966 J.
1387 1915 1509 1967 Chr.
1569 1918 1908 1985 acceperant)
1968 1936 2066 1969 nec
2123 1937 2234 1971 non

188 1982 356 2035 secuti
395 1983 620 2035 formam
663 1985 936 2039 Coelestini
993 1988 1318 2040 sanctissimi
1373 1989 1529 2058 Papa}
1588 1991 1899 2059 apostolicae
1947 1992 2083 2043 sedis
2142 1993 2234 2061 qui

186 2075 285 2108 nos
325 2057 580 2123 dignatus
621 2064 701 2112 est
740 2061 900 2128 hujus
940 2062 1149 2132 negotii
1190 2067 1499 2116 executores
1527 2083 1652 2116 suos
1680 2065 1912 2129 mittere,
1954 2070 2010 2118 et
2034 2072 2234 2119 80110100

186 2131 378 2200 synodi
455 2130 694 2196 decreta3
767 2141 1060 2204 cognoscat
1119 2135 1404 2189 Nestorius
1474 2157 1528 2190 se
1584 2139 1894 2207 Episcopali
1964 2140 2234 2210 dignitate

187 2209 407 2260 exutum
465 2210 627 2275 atque
668 2227 698 2259 a
737 2212 856 2261 tota
913 2210 1152 2263 Ecclesia
1191 2215 1244 2264 et
1284 2230 1315 2262 a
1355 2213 1728 2265 communione
1771 2214 2010 2266 omnium
2057 2233 2232 2266 sacer-

186 2280 375 2332 dotum
415 2281 652 2334 alienum
693 2301 858 2335 0880.»

334 2354 614 2423 Projectus
654 2356 971 2426 Episcopus,
1014 2359 1248 2410 ecclesiae
1288 2359 1543 2412 Romana}
1583 2360 1836 2430 LegatUS,
1895 2362 2001 2415 ait:
2067 2362 2233 2415 «Cum

185 2428 355 2498 igitur
415 2433 603 2481 contra
664 2432 1024 2501 evangelicam
1081 2434 1541 2503 apostolicamque
1600 2436 1919 2500 doctrinam,
1980 2455 2097 2505 quae
2137 2456 2231 2506 per

188 2503 492 2554 universam
532 2504 730 2574 ubique
770 2506 1061 2558 Ecclesiam
1117 2507 1435 2560 catholicam
1475 2510 1793 2563 confirmata
1833 2514 1930 2574 est,
1973 2530 2082 2563 suae
2120 2512 2230 2563 hae-

185 2594 361 2628 reseos
400 2579 811 2644 perversitatem
849 2580 1098 2633 invehere
1136 2599 1298 2634 ausus
1339 2582 1411 2635 sit
1452 2581 1805 2651 (Nestorius),
1847 2589 2134 2654 propterea
2175 2590 2229 2638 et

186 2669 285 2720 ego
326 2669 538 2720 quoque
575 2654 903 2707 auctoritate
941 2656 1252 2724 apostolicae
1293 2657 1448 2722 sediS,
1497 2677 1602 2710 una
1644 2677 1762 2711 cum
1802 2659 2065 2712 fratribus
2106 2679 2227 2712 800-

184 2725 373 2778 tentiae
411 2731 665 2780 executor
706 2728 958 2793 existenS,
999 2730 1250 2783 definiO.»

331 2799 525 2852 Postea
566 2801 800 2870 Cyrillus
839 2801 1241 2857 Alexandrinus
1281 2805 1446 2858 dixit:
1492 2805 1719 2876 «Legati
1750 2808 2061 2876 apostolicae
2089 2808 2225 2861 sedis

184 2872 560 2943 deposuerunt,
583 2878 898 2945 supplentes
918 2878 1093 2931 locum
1116 2879 1255 2932 sedis
1276 2880 1603 2948 apostolicae,
1628 2881 1901 2950 totiusque
1922 2883 2115 2950 synodi
2138 2925 2148 2936 .
2175 2923 2186 2935 .
2211 2923 2223 2935 .

187 2948 608 3002 Occidentalium
647 2951 1056 3021 Episcoporum.
1136 2953 1310 3016 Quare
1337 2972 1456 3006 cum
1483 2972 1558 3018 ea,
1601 2973 1718 3023 quae
1757 2975 1787 3007 a
1827 2955 2114 3008 Coelestino
2137 2998 2147 3008 .
2173 2997 2185 3009 .
2211 3000 2222 3009 .

185 3022 455 3091 Episcopo
495 3024 638 3078 dicta
672 3027 785 3095 jam
822 3027 1058 3091 fuerant,
1098 3027 1309 3080 executi
1349 3028 1463 3080 sint
1503 3033 1807 3097 sanctaeque
1846 3030 2058 3098 synodi,
2106 3049 2223 3101 qu‘ee

186 3096 243 3147 in
281 3097 382 3148 hac
420 3097 778 3166 Ephesiorum
817 3099 1111 3170 Metropoli
1165 3102 1435 3166 convenit,
1490 3103 1774 3155 sententiae
1826 3107 2016 3156 contra
2053 3103 2224 3157 haere—

186 3169 358 3222 ticum
395 3169 708 3226 Nestorium
747 3175 872 3228 latae
909 3175 1229 3243 adstipulati
1267 3176 1408 3238 sint3
1465 3194 1796 3245 consequens
1836 3182 1932 3242 est,
1986 3182 2049 3232 ut
2086 3179 2222 3232 actis

187 3243 557 3298 subscribant»
599 3246 813 3314 (Mansi,
853 3253 983 3304 tom.
1026 3249 1120 3302 IV.
1160 3269 1283 3320 pag.
1331 3250 1511 3317 1299.)

334 3317 436 3382 En,
483 3322 748 3387 quomodo
800 3323 992 3394 Legati
1041 3324 1345 3392 adprobant
1394 3329 1448 3376 et
1500 3324 1822 3378 confirmant
1865 3325 2125 3395 judicium
2178 3346 2218 3381 8.

187 3390 395 3459 synodi,
434 3392 493 3444 in
513 3411 617 3462 qua
636 3394 880 3450 Nestorii
903 3416 1060 3450 causa
1084 3417 1115 3450 a
1136 3396 1187 3451 S.
1213 3397 1503 3451 Coelestino
1520 3398 1761 3467 judicata
1797 3419 1940 3453 novo
1970 3402 2217 3465 examini,

186 3484 329 3518 novo
350 3483 581 3536 veroque
595 3469 796 3537 judicio
835 3473 1073 3541 subjecta
1103 3472 1294 3524 fuerat.
1354 3472 1457 3535 En,
1492 3474 1759 3541 quomodo
1783 3472 1974 3544 Legati
1996 3494 2033 3528 8.
2058 3475 2216 3537 sediS,

187 3543 241 3592 et
280 3538 333 3592 S.
375 3539 608 3608 Cyrillus
647 3546 701 3596 et
741 3548 859 3599 tota
897 3546 1135 3614 synodus
1173 3547 1537 3615 proclamant:
1578 3548 1902 3600 sententiam
1941 3549 1997 3600 in
2020 3548 2217 3601 Nesto-

186 3613 328 3665 rium
381 3615 649 3682 prolatam
700 3617 971 3671 desumere
1021 3639 1171 3672 suam
1219 3619 1327 3671 vim
1367 3637 1430 3671 ex
1469 3621 1775 3692 evangelica
1827 3627 1881 3676 et
1918 3622 2218 3691 apostolica

184 3687 498 3754 traditione,
539 3708 656 3759 quae
691 3710 788 3761 per
824 3693 1127 3746 universam
1168 3693 1364 3763 ubique
1403 3693 1695 3748 Ecclesiam
1734 3696 2049 3750 catholicam
2088 3713 2217 3750 con-
