2722 4146
341 255 375 306 4

342 398 610 462 Ecclesiae,
652 402 896 467 pastores
936 397 1109 450 totius
1150 396 1327 459 ovilis,
1370 396 1609 449 omnium
1635 394 2081 449 christifidelium
2120 395 2384 459 doctoreS,

342 474 799 526 confirmaverunt
838 472 1051 525 fratres
1140 471 1287 540 Ergo
1341 470 1407 522 ad
1459 471 1802 540 explicandas
1841 470 2158 539 scripturae,
2213 474 2275 524 ut
2313 471 2386 524 sit

340 547 495 601 Rom.
549 546 802 600 Pontifex
861 546 1274 598 fundamentum
1322 544 1592 609 Ecclesiae,
1651 548 1714 598 ut
1766 549 1948 598 teneat
2007 544 2180 597 claves
2232 544 2385 615 regni

342 623 615 684 coelorum,
658 626 719 674 ut
746 621 820 674 sit
845 624 1031 688 pastor
1060 620 1232 673 totius
1255 619 1526 672 Dominici
1553 619 1729 682 oviliS,
1771 629 1835 671 ut
1860 618 2145 671 confirmet
2172 618 2384 681 fratreS,

342 696 547 749 sufficit
585 713 818 748 asserere
840 694 994 746 Rom.
1037 693 1358 747 Pontificem
1396 693 1592 746 habere
1631 693 1934 745 Primatum
1968 692 2384 761 jurisdictionis,

340 771 536 823 habere
594 770 810 838 plenam
867 773 1194 837 potestatem
1253 769 1312 820 in
1377 768 1685 820 universam
1742 767 2069 828 Ecclesiam3
2135 785 2248 818 non
2306 772 2387 819 est

343 863 554 897 necesse
607 861 859 906 asserere,
915 843 1070 896 Rom.
1126 842 1382 896 Pontifici
1437 843 1691 895 collatam
1749 842 1914 894 fuisse
1968 847 2128 894 totam
2180 843 2387 893 omnino

335 919 716 985 plenitudinem
758 918 1130 971 ecclesiasticae
1171 917 1479 986 potestatiS,
1534 921 1595 969 ut
1635 935 1697 968 ex
1738 934 1811 979 30,
1854 934 2077 984 prorsus
2127 915 2388 983 indepen-

341 994 528 1045 denter
569 1012 599 1045 a
639 996 757 1045 tota
797 992 1036 1045 Ecclesia
1075 993 1147 1045 sit
1186 991 1508 1044 infallibilis.

488 1067 755 1120 Praeterea
795 1067 1078 1136 scripturae
1119 1066 1417 1135 respiciunt
1457 1064 1694 1127 Petrum,
1738 1069 1799 1117 ut
1839 1067 1922 1117 est
1961 1063 2236 1126 historice,
2279 1063 2312 1114 i.
2343 1081 2386 1114 0.

342 1147 503 1211 caput
545 1141 761 1211 collegii
799 1141 1104 1210 apostolici,
1147 1145 1409 1204 centrum,
1466 1140 1551 1191 cui
1593 1139 1775 1192 omnia
1814 1140 2050 1190 membra
2092 1137 2389 1190 communi-

343 1220 482 1280 cant,
524 1215 755 1279 Patrem,
798 1216 863 1267 ad
905 1235 1062 1284 quem
1104 1234 1286 1268 omnes
1329 1214 1680 1276 conveniunt,
1722 1213 1946 1281 ideoque
2000 1212 2179 1265 omnia
2219 1211 2389 1280 privi-

342 1291 499 1361 legia,
540 1309 657 1359 quae
697 1309 727 1342 a
766 1291 1051 1358 scripturis
1093 1291 1453 1343 conferuntur
1494 1288 1675 1351 PetrO,
1718 1290 2071 1340 conferuntur
2119 1290 2182 1339 ut
2222 1285 2390 1354 capiti

343 1367 495 1417 unito
536 1365 806 1427 membris,
851 1369 910 1417 ut
951 1369 1155 1427 centro,
1196 1364 1262 1415 ad
1303 1364 1447 1433 quod
1477 1381 1662 1416 omnes
1691 1362 2054 1422 conveniunt,
2096 1361 2233 1412 male
2259 1379 2388 1429 ergo

342 1440 594 1502 infertur,
638 1458 757 1491 cum
798 1439 1027 1492 dicitur:
1070 1440 1183 1491 haec
1211 1439 1497 1508 privilegia
1526 1437 1761 1490 conferri
1786 1435 1952 1488 Petro
1992 1435 2112 1498 soli,
2142 1439 2389 1503 separato

342 1534 373 1566 a
411 1513 693 1576 fratribUS,
754 1513 1092 1566 considerato
1156 1521 1214 1565 111
1275 1513 1525 1582 principi,
1585 1511 1677 1580 qui
1728 1510 2151 1579 independenter
2203 1528 2234 1560 a
2273 1513 2391 1562 tota

343 1588 581 1640 Ecclesia
637 1588 768 1658 agit.
867 1587 1265 1658 Argumentum
1334 1587 1766 1639 adversariorum
1824 1586 1889 1637 ad
1957 1585 2097 1636 hanc
2162 1584 2387 1635 formam

343 1667 526 1731 potest
565 1662 775 1714 reduci:
818 1662 1102 1731 scripturae
1143 1662 1433 1714 conferunt
1458 1661 1621 1714 Petro
1651 1664 1712 1712 ut
1741 1660 1907 1727 capiti
1936 1658 2091 1710 unito
2120 1657 2388 1720 membris,

345 1741 406 1789 ut
448 1739 654 1796 centr0,
697 1736 759 1788 ad
803 1737 944 1806 quod
985 1755 1169 1789 omnes
1208 1736 1460 1788 Ecclesiae
1502 1734 1848 1795 conveniunt,
1891 1737 1952 1785 ut
1978 1732 2147 1795 Patri,
2187 1732 2243 1784 in
2284 1751 2389 1800 quo

345 1817 398 1864 et
437 1829 532 1879 per
573 1829 730 1879 quem
769 1811 1012 1879 loquitur
1053 1811 1308 1872 Ecclesia,
1351 1828 1654 1879 supremam
1695 1812 1749 1860 et
1785 1807 2127 1859 infallibilem
2154 1806 2390 1858 auctori-

345 1889 540 1938 tatem:
583 1903 711 1955 ergo
751 1885 962 1949 Petrus,
1004 1885 1159 1937 Rom.
1202 1885 1458 1938 Pontifex
1498 1885 1661 1946 solus,
1720 1886 1999 1951 separatus
2039 1900 2070 1932 a
2109 1881 2389 1943 fratribUS,

343 1978 507 2030 agens
561 1959 982 2028 independenter
1039 1961 1105 2012 ab
1164 1959 1414 2011 universa
1466 1957 1707 2010 Ecclesia
1766 1957 1928 2009 habet
1985 1974 2290 2024 supremam
2337 1959 2391 2007 01

345 2034 692 2086 infallibilem
729 2034 1129 2087 auctoritatem.

492 2108 727 2161 Iterum:
769 2109 1035 2172 definitio,
1078 2128 1182 2179 qua
1222 2108 1558 2170 definiretur,
1601 2105 1981 2158 auctoritatem
2011 2104 2163 2156 Rom.
2201 2102 2394 2156 Ponti-

346 2183 462 2235 ficis
519 2201 631 2235 esse
671 2201 731 2235 eo
792 2201 952 2236 sensu
993 2202 1313 2252 supremam,
1376 2187 1439 2235 ut
1490 2200 1554 2233 ex
1611 2200 1665 2233 se
1715 2180 2140 2248 independenter
2191 2197 2222 2230 a
2261 2197 2394 2246 qua—

346 2275 554 2326 cunque
595 2258 974 2326 cooperatione
1014 2258 1099 2309 vel
1140 2276 1406 2310 consensu
1446 2256 1617 2309 totius
1658 2254 1911 2307 Ecclesiae
1951 2254 2023 2306 sit
2069 2252 2393 2315 infallibilis,

346 2333 638 2400 respiceret
677 2332 831 2384 Rom.
874 2331 1211 2394 Pontificem,
1254 2350 1366 2384 non
1406 2330 1579 2400 qualis
1607 2333 1687 2382 est
1714 2327 1991 2390 historice,
2034 2331 2196 2395 caput
2230 2344 2394 2378 mem-

346 2406 460 2458 bris
499 2406 630 2458 adeo
671 2409 1036 2476 conjunctum,
1092 2411 1155 2459 ut
1207 2407 1453 2458 efformet
1492 2423 1610 2457 cum
1653 2404 1783 2472 ipsis
1833 2421 1999 2454 unum
2038 2419 2263 2470 corpus:
2307 2401 2396 2453 sed

349 2480 579 2548 respiret
628 2480 782 2533 Rom.
836 2480 1156 2533 Pontificem
1210 2480 1609 2532 consideratum
1660 2477 1951 2530 secundum
2002 2495 2118 2528 eam
2156 2477 2395 2528 abstrac-

349 2553 569 2616 tionem,
612 2573 729 2622 quae
768 2558 986 2607 tantum
1025 2554 1197 2607 doctis
1237 2554 1369 2605 viris
1410 2557 1591 2621 potest
1632 2552 1816 2603 venire
1854 2551 1910 2601 in
1939 2555 2199 2603 mentem:
2243 2549 2396 2618 atqui

348 2628 634 2697 scripturae
673 2629 974 2697 respiciunt
1000 2628 1221 2681 Petrum
1260 2627 1536 2688 historice,
1578 2631 1639 2678 ut
1679 2629 1841 2693 caput
1866 2624 2118 2676 membris
2145 2625 2202 2675 in
2230 2643 2394 2676 unum

349 2721 545 2770 corpus
603 2703 819 2755 unitum
878 2703 1167 2771 eodemque
1225 2720 1346 2754 cum
1402 2705 1522 2754 toto
1596 2717 1822 2768 corpore
1886 2699 2079 2767 spiritu
2151 2698 2397 2750 veritatis

354 2777 699 2830 illustratum.
798 2777 946 2847 Ergo
1005 2777 1070 2829 ad
1127 2775 1466 2845 explicandas
1539 2774 1836 2842 scripturas
1895 2772 2098 2824 sufficit
2157 2772 2396 2834 definire,

350 2849 504 2905 Rom.
545 2850 867 2904 Pontificem
919 2870 1039 2904 cum
1088 2851 1340 2903 membris
1381 2849 1595 2902 unitum
1636 2847 1887 2900 Ecclesiae
1935 2846 2305 2915 cooperationi
2345 2850 2398 2898 et

351 2925 637 2978 consensui
672 2944 790 2978 esse
827 2944 1137 2995 supremum
1177 2929 1230 2978 et
1269 2924 1610 2977 infallibilem
1642 2922 1891 2991 judicem,
1932 2939 2042 2973 non
2079 2925 2161 2973 est
2187 2938 2399 2972 necesse

354 2999 576 3052 definire
615 2999 764 3053 illam
802 3019 1106 3070 supremam
1146 3004 1200 3053 et
1240 2999 1324 3051 vel
1365 2999 1482 3067 ipso
1523 2997 1742 3051 nomine
1783 2995 2013 3047 invisam
2060 2995 2394 3063 personalem

356 3078 410 3125 et
449 3092 673 3141 prorsus
714 3074 1163 3144 independentem
1203 3073 1543 3126 infallibilem
1583 3070 1980 3124 auctoritatem.

504 3146 606 3199 Sed
648 3150 974 3218 scripturam
1013 3147 1364 3217 interpretari
1416 3147 1666 3199 debemus
1717 3143 2009 3198 secundum
2049 3143 2399 3196 traditionem

354 3220 407 3274 S.
450 3220 502 3274 S.
542 3221 780 3275 Patrum.

503 3294 583 3347 De
622 3300 774 3349 textu
814 3298 955 3366 apud
995 3297 1195 3351 Lucam
1233 3296 1439 3349 XXIL:
1481 3314 1572 3364 090
1610 3295 1796 3363 royavi
1824 3336 1834 3346 .
1866 3333 1877 3345 .
1911 3291 2191 3361 .loquens,
2221 3291 2398 3344 brevis

358 3387 471 3422 esse
519 3387 755 3438 possum.
842 3371 1116 3439 Imprimis
1169 3376 1401 3441 quatuor
1455 3389 1486 3422 a
1534 3369 1626 3423 SS.
1680 3367 1933 3422 Patribus
1982 3371 2036 3419 01
2086 3367 2398 3420 doctoribus

357 3444 680 3496 adferuntur
739 3444 1236 3513 interpretationes.
1336 3444 1519 3498 Prima
1576 3448 1632 3497 et
1687 3441 2078 3496 solemnissima
2135 3446 2233 3504 est,
2294 3459 2400 3510 qua

359 3518 620 3571 asseritur
671 3517 918 3571 Christus
973 3538 1151 3572 orasse
1209 3538 1309 3589 pro
1365 3518 1545 3582 Petr0,
1598 3536 1664 3571 ne
1702 3521 1944 3585 tempore
1983 3533 2093 3569 suae
2132 3514 2398 3584 passionis

360 3592 517 3644 fidem
568 3593 817 3646 totaliter
874 3596 929 3645 et
987 3593 1224 3646 finaliter
1282 3594 1572 3656 amitteret,
1631 3591 1723 3645 sed
1778 3591 1906 3643 licet
1962 3608 2181 3643 casurus
2240 3592 2396 3651 esset,

361 3669 539 3720 tamen
578 3666 783 3720 virtute
835 3666 1102 3719 orationis
1153 3668 1358 3721 Christi
1406 3669 1714 3738 resurgeret
1764 3683 1796 3718 a
1832 3665 2004 3737 lapsu,
2052 3681 2211 3734 quem
2259 3663 2400 3717 eirca
