2612 4062
2072 269 2178 320 233

141 412 279 465 illud
332 412 457 466 fidei
496 412 800 467 Catholicae
837 413 912 467 sit
949 433 1117 468 necne
1157 415 1470 478 conforme,
1496 418 1551 469 et
1591 414 1702 469 sive
1741 432 1986 484 expresse
2025 435 2181 469 suum

142 487 190 540 ei
226 505 501 540 assensum
539 489 816 557 praebent,
857 487 968 541 sive
1006 491 1188 554 tacite,
1230 489 1278 542 ei
1316 509 1427 543 non
1465 489 1838 560 repugnandO,
1878 508 1999 542 eum
2037 490 2180 542 indi—

142 564 282 614 cant.
361 561 569 614 Deinde
626 562 931 614 habendum
989 568 1071 616 est
1124 583 1223 633 pro
1275 564 1401 616 fidei
1458 564 1750 617 catholicae
1800 563 2178 628 declaratione,

140 654 255 688 eam
308 654 421 688 esse
462 637 618 688 fidem
656 636 923 688 Ecclesiae
962 638 1269 699 universae;
1322 642 1375 691 et
1427 656 1547 690 cum
1586 637 1851 702 Ecclesia,
1905 638 2016 691 sive
2056 639 2179 691 uni*-

139 711 335 762 versim
393 710 660 779 dispersa,
721 710 833 763 sive
890 711 948 762 in
1007 711 1241 764 Concilis
1301 711 1654 765 Generalibus
1714 713 2041 777 coadunata,
2108 713 2180 766 sit

137 783 467 846 infallibilis,
520 787 634 853 ejus
687 782 933 854 (decreti)
989 786 1283 838 decisiones
1335 789 1465 839 sunt
1510 787 1697 857 regula
1751 786 1930 852 Fidei,
1985 787 2180 856 quibus

140 858 312 911 omnis
354 858 661 911 Catholicus
702 877 815 911 sese
854 861 1114 928 subjicere
1153 863 1418 913 teneatur.

285 932 327 985 I.
370 931 524 984 Nihil
575 937 656 985 est
706 933 763 985 in
815 933 915 986 hac
956 934 1321 986 declaratione
1360 952 1494 1003 quae
1533 934 1829 1003 Episcopos
1873 934 2180 989 Catholicos

137 1005 428 1059 Hiberniae
480 1007 706 1075 impedit
751 1026 818 1059 ne
866 1008 1130 1075 judicium
1180 1027 1335 1060 suum
1382 1026 1541 1077 super
1592 1008 1676 1061 his
1726 1009 2087 1062 decisionibus
2127 1014 2182 1064 et

140 1081 366 1134 decretis
406 1080 706 1144 PontificiS,
748 1081 825 1134 ita
866 1083 939 1134 eis
980 1082 1276 1145 submissis,
1320 1085 1635 1135 exerceant?

285 1155 348 1208 R.
410 1155 455 1207 E
496 1159 700 1210 contra.
779 1156 1093 1209 Invitantur
1135 1176 1291 1209 suum
1329 1157 1572 1225 ipsorum
1606 1157 1862 1225 judicium
1907 1176 2178 1211 exercere:

137 1229 211 1282 eis
253 1230 508 1300 dirigitur
549 1231 616 1282 ob
656 1249 773 1294 eum
815 1231 1054 1299 praecise
1094 1231 1257 1283 finem
1295 1235 1356 1284 ut
1398 1249 1553 1283 suum
1588 1231 1848 1299 judicium
1890 1232 2085 1296 eliciat,
2127 1236 2181 1285 et

138 1307 199 1356 ut
250 1304 328 1357 ita
378 1308 618 1367 constet,
670 1323 739 1356 an
791 1305 898 1358 ista
950 1305 1198 1358 doctrina
1249 1305 1373 1358 fidei
1426 1304 1747 1371 universalis
1787 1305 2055 1358 Ecclesiae
2107 1306 2181 1359 sit

138 1378 446 1437 conformis.

284 1452 326 1505 I.
368 1453 432 1505 In
459 1453 773 1506 testimonio
801 1454 1029 1505 habetur
1057 1453 1271 1516 librum,
1313 1454 1369 1505 in
1408 1473 1509 1505 usu
1534 1454 1878 1506 alumnorum
1905 1453 2177 1507 Manutia-

135 1545 328 1578 norum
369 1527 687 1590 adhibitum,
729 1528 902 1580 dicere
942 1527 1259 1580 Pontificem
1299 1527 1546 1580 omnibus
1588 1528 1868 1596 episcopis,
1911 1528 2020 1580 sive
2060 1529 2182 1581 uni-

138 1601 238 1653 tim
296 1602 404 1653 sive
463 1603 751 1671 separatim
810 1602 1069 1670 sumptis,
1130 1602 1462 1670 superiorem
1522 1620 1657 1663 esse;
1719 1602 1963 1654 conciliis
2021 1603 2182 1655 etiam

138 1676 561 1744 provincialibus
602 1681 657 1730 et
697 1677 1082 1730 nationalibus
1164 1676 1441 1737 Quomodo
1481 1676 1583 1728 hoc
1622 1676 1859 1746 intelligi
1900 1676 2092 1729 debet?

283 1750 346 1802 R.
390 1750 473 1803 Ita
514 1755 613 1815 est,
656 1751 778 1820 quia
814 1750 1124 1820 jurisdictio
1165 1753 1279 1834 ejus
1320 1770 1479 1834 super
1520 1754 1693 1803 totam
1734 1750 2028 1803 Ecclesiam
2069 1739 2180 1803 sese

135 1825 407 1887 extendit3
464 1844 581 1877 cum
628 1826 939 1895 jurisdictio
983 1825 1142 1877 unius
1183 1825 1450 1894 episcopi,
1504 1828 1598 1877 aut
1638 1824 2015 1894 episcoporum
2055 1844 2181 1893 pro-

135 1898 359 1962 vinciae,
401 1904 496 1952 aut
536 1901 916 1969 episcoporum
943 1899 1202 1962 nationiS,
1245 1917 1357 1951 sese
1396 1917 1507 1950 non
1536 1899 1779 1951 extendit
1813 1900 1957 1951 ultra
1983 1899 2181 1952 limites

135 1973 222 2025 his
274 1974 523 2026 terminis
578 1975 860 2027 indicatos
942 1974 1242 2037 Praeterea,
1283 1974 1493 2025 decreta
1533 1973 1884 2026 conciliorum
1922 1977 2018 2026 aut
2057 1992 2183 2042 pro-

138 2047 480 2111 vincialium,
522 2053 616 2102 aut
655 2049 1043 2111 nationalium,
1092 2051 1250 2117 juxta
1290 2053 1531 2100 nostram
1572 2047 1937 2116 disciplinam,
1988 2048 2183 2100 confir-

138 2123 432 2174 mationem
473 2123 757 2176 Pontificis
799 2123 1025 2193 exigunt
1084 2126 1144 2174 ut
1201 2123 1378 2174 valere
1418 2122 1646 2190 possint.
1736 2121 1851 2174 Hac
1905 2122 1966 2173 de
2026 2140 2182 2174 causa

134 2196 442 2265 jurisdictio
497 2200 609 2266 ejus
664 2197 993 2267 (Pontificis)
1049 2197 1247 2249 dicitur
1301 2215 1412 2249 esse
1466 2196 1714 2264 superior
1765 2214 1854 2248 seu
1907 2196 2180 2248 extensior

133 2271 605 2341 jurisdictionibus
646 2273 780 2325 istis,

285 2345 327 2397 1.
369 2345 634 2399 Doctrina
673 2347 750 2399 ita
788 2347 1032 2415 exposita
1073 2346 1130 2398 in
1171 2346 1309 2398 libro
1337 2344 1656 2397 Manutiano
1698 2363 1809 2396 non
1838 2344 1954 2397 vult
1981 2344 2175 2413 dicere,

138 2418 419 2472 Pontificis
458 2421 844 2474 authoritatem
887 2421 1239 2473 conciliorum
1281 2419 1615 2472 authoritate
1656 2420 1939 2487 majorem,
1980 2422 2074 2471 aut
2113 2419 2178 2471 ab

138 2511 198 2546 ea
236 2494 684 2563 independentem
723 2498 871 2548 esse?

287 2569 348 2622 R.
394 2569 649 2622 Conciliis
675 2569 1101 2638 provincialibus
1130 2572 1185 2622 et
1209 2566 1577 2620 nationalibus
1605 2571 1685 2620 est
1713 2567 1977 2635 superior,
2019 2567 2177 2619 modo

131 2644 244 2711 jam
284 2643 460 2706 dict03
510 2645 564 2696 id
614 2649 723 2708 est,
778 2645 836 2697 in
877 2639 1142 2713 quantum
1180 2661 1364 2696 eorum
1404 2642 1614 2693 decreta
1653 2642 1827 2693 valida
1865 2659 1978 2693 non
2019 2645 2179 2694 erunt

138 2718 336 2786 absque
387 2719 498 2787 ejus
553 2719 994 2780 confirmatione3
1049 2722 1102 2771 et
1154 2717 1211 2769 in
1263 2719 1527 2786 quantum
1573 2717 1685 2784 ejus
1720 2715 2028 2783 jurisdictio
2068 2733 2179 2767 sese

139 2809 297 2860 super
337 2793 643 2846 universam
670 2793 964 2845 Ecclesiam
1005 2791 1275 2853 extendit3
1318 2809 1439 2843 cum
1478 2808 1660 2842 eorum
1703 2789 1965 2842 limitibus
1998 2789 2177 2842 natio-

139 2866 224 2918 nis
264 2871 358 2920 aut
395 2868 704 2935 provinciae
744 2868 1074 2920 continetur.

285 2940 328 2993 I.
389 2940 547 2994 Anne
610 2943 882 2995 decretum
945 2939 1226 2992 Pontificis
1289 2957 1387 3007 pro
1453 2937 1631 2990 valido
1690 2937 1919 2989 habetur
1978 2937 2175 3006 absque

141 3013 369 3068 Concilii
409 3019 708 3069 consensu?

286 3089 349 3143 R.
391 3089 681 3143 Decretum
720 3089 998 3142 Pontificis
1050 3088 1105 3138 in
1144 3087 1301 3140 rebus
1341 3086 1618 3139 doctrinae
1657 3103 1769 3136 non
1807 3085 2034 3137 habetur
2074 3104 2175 3154 pro

142 3163 430 3216 Catholicis
490 3165 906 3234 obligatorium,
966 3162 1073 3214 nisi
1125 3160 1172 3212 ei
1222 3160 1504 3213 accesserit
1555 3177 1843 3212 consensus
1896 3159 2176 3212 universae

139 3237 434 3300 Ecclesiae,
495 3238 607 3290 sive
657 3238 961 3307 dispersae,
1016 3236 1125 3288 sive
1173 3254 1268 3303 per
1318 3253 1442 3286 suos
1490 3233 1769 3302 episcopos
1821 3233 1880 3285 in
1931 3232 2174 3287 Concilio

139 3311 531 3438 coadllIllaXiine
570 3386 808 3454 episcopi
833 3382 1098 3438 Catholici
1124 3382 1507 3434 Hibernienses
1547 3385 1868 3450 acceperunt
1905 3386 1999 3436 aut
2038 3384 2174 3451 reje-

142 3463 333 3512 cerunt
373 3478 458 3512 eas
499 3477 634 3527 quae
673 3459 891 3512 nomine
930 3459 1241 3510 libertatum
1281 3455 1681 3508 Gallicanarum
1720 3455 1982 3509 veniunt?

289 3533 352 3586 R.
405 3533 548 3586 Istae
587 3533 868 3586 libertates
918 3550 1029 3584 non
1070 3533 1334 3582 venerunt
1383 3530 1483 3581 sub
1533 3530 1788 3582 notitiam
1826 3549 2012 3583 eorum
2051 3533 2170 3583 tan-

143 3626 302 3676 quam
360 3626 555 3676 corpus
615 3606 1079 3660 constituentium.
1130 3634 1196 3641 —
1251 3602 1510 3672 Episcopi
1568 3603 1831 3657 Catholici
1881 3604 2172 3657 Hiberniae

142 3699 229 3735 eas
281 3681 510 3751 proinde
558 3698 655 3734 nec
692 3683 1014 3752 acceperunt
1064 3695 1163 3732 nec
1201 3679 1518 3752 rejecerunt.
1595 3677 2172 3751 Adoptarunt-tamen
