2722 4146
450 260 520 314 28

450 407 633 477 diligis
673 425 774 469 me,
815 405 1050 458 fratrum
1071 420 1255 456 curam
1281 401 1544 471 suscipito
1576 405 1631 456 et
1654 401 1955 457 ferventem
1981 403 2132 456 illam
2157 401 2495 470 charitatem,

450 501 610 552 quam
664 499 793 550 erga
845 497 930 532 me
981 478 1192 531 dicebas
1232 476 1428 530 habere
1469 479 1538 541 te,
1593 477 1671 531 ita
1718 481 1780 532 ut
1819 497 1918 548 pro
1959 496 2043 531 me
2091 478 2234 531 mori
2273 483 2495 549 paratus

449 575 606 619 esseS,
648 573 792 608 nunc
832 552 1105 607 ostende.»

598 631 874 697 Lyrcmus:
920 627 1028 679 «Et
1066 644 1157 693 eyo
1197 626 1313 678 dico
1353 626 1450 678 tibi
1489 626 1597 679 Pro
1637 630 1691 680 te
1731 630 1785 680 et
1826 647 1925 696 pro
1966 626 2125 680 sociis
2175 627 2313 680 tuis:
2369 628 2496 697 quia

447 726 500 759 es
547 705 763 757 Petrus:
818 703 852 755 i.
895 721 938 754 e.
982 703 1260 754 confessor
1299 705 1468 769 petrae
1510 719 1663 764 verae,
1716 720 1834 770 quae
1875 701 2122 755 Christus
2162 705 2260 764 est,
2302 701 2494 767 factuS,

448 786 501 832 et
543 797 701 847 super
740 778 880 829 hanc
921 779 1147 845 petram,
1204 794 1365 844 quam
1419 775 1695 828 confessus
1748 794 1820 839 eS,
1876 776 2151 829 aedificabo
2203 776 2495 830 Ecclesiam

448 872 632 906 meam.
714 851 789 903 Et
830 852 927 903 tibi
967 851 1102 904 dabo
1143 891 1154 903 .
1199 893 1209 904 .
1254 895 1264 904 .
1307 848 1434 902 Non
1474 850 1651 902 solum
1688 869 1789 919 pro
1817 854 1887 912 16,
1928 851 2019 903 sed
2045 851 2206 904 etiam
2228 868 2327 920 pro
2355 851 2494 904 aliis.

448 929 599 980 Sicut
639 927 779 978 6111111
823 926 1087 978 confessio
1131 925 1281 977 Petri
1323 927 1438 977 erat
1498 925 1765 977 confessio
1825 926 2073 989 aliorum,
2121 926 2198 978 ita
2255 929 2495 994 potestas

447 1003 557 1054 haec
597 1003 722 1053 data
763 1000 928 1053 Petro
967 1000 1300 1070 intelligitur
1342 999 1466 1052 data
1525 999 1665 1063 aliis,
1721 999 1848 1053 licet
1897 999 2059 1054 Petro
2119 999 2494 1070 principalius,

447 1077 502 1129 in
542 1079 806 1145 quantum
846 1079 962 1128 erat
1003 1075 1236 1127 aliorum
1277 1073 1652 1142 Capitaneus»

594 1150 899 1216 Alphonsus
942 1149 1191 1202 Tostatus
1230 1148 1506 1217 Hispanus
1547 1147 1838 1201 Abulensis
1879 1149 2179 1217 Episcopus
2208 1148 2265 1200 in
2295 1148 2491 1204 Matth.

445 1225 620 1277 XVI.:
667 1226 956 1286 «Quaenam
996 1224 1091 1276 illa
1130 1228 1303 1292 petra,
1344 1241 1504 1291 super
1547 1242 1707 1292 quam
1746 1224 2008 1276 fundatur
2048 1223 2322 1275 Ecclesia?
2378 1222 2492 1277 Alii

443 1300 649 1362 dicunt,
691 1299 830 1351 hanc
868 1303 1081 1367 petram
1121 1316 1235 1351 esse
1273 1297 1514 1360 Petrum,
1556 1297 1646 1349 sed
1685 1297 1788 1350 hoc
1827 1316 1940 1350 non
1979 1301 2061 1350 est
2111 1316 2314 1360 verum,
2369 1298 2496 1367 quia

445 1374 856 1427 fundamentum
896 1373 1147 1426 Ecclesiae
1187 1376 1268 1425 631
1310 1371 1558 1424 Christus
1609 1371 1672 1439 (I.
1717 1371 1964 1425 Corinth.
2015 1376 2096 1423 12.
2140 1371 2334 1440 EpheS.
2385 1374 2492 1435 4.);

445 1450 508 1499 2⁰
548 1448 674 1517 quia
715 1467 880 1517 quum
920 1448 1158 1500 Ecclesia
1198 1450 1412 1511 maneat
1451 1445 1793 1510 immortalis,
1835 1447 1959 1515 quia
1980 1449 2154 1515 portae
2180 1446 2343 1498 inferi
2383 1465 2494 1499 11011

443 1524 816 1591 praevalebunt
854 1523 1110 1575 adversus
1151 1540 1282 1585 eam,
1325 1539 1536 1572 necesse
1576 1525 1673 1584 est,
1716 1521 1860 1590 quod
1899 1521 2312 1574 fundamentum
2340 1540 2493 1573 suum

444 1599 517 1650 sit
557 1598 730 1668 magis
790 1597 1116 1660 immortale,
1176 1599 1233 1649 et
1281 1599 1463 1648 tamen
1503 1594 1697 1648 Petrus
1754 1613 1852 1647 nec
1909 1595 1965 1647 111
2025 1614 2080 1648 36
2131 1614 2227 1647 1166
2284 1596 2342 1647 111
2383 1596 2493 1648 31113

443 1673 840 1725 successoribus
880 1671 987 1724 fuit
1027 1670 1381 1723 immortalis:
1432 1687 1542 1721 non
1595 1669 1804 1733 PetruS,
1858 1670 1984 1738 quia
2036 1670 2256 1738 negavit
2307 1669 2493 1722 Domi-

442 1766 571 1799 num
610 1750 711 1810 ter,
752 1747 808 1798 in
849 1765 956 1815 quo
998 1745 1266 1798 Sathanas
1306 1744 1596 1813 praevaluit
1635 1748 1825 1797 contra
1865 1745 2058 1812 ipsum,
2111 1748 2164 1796 et
2204 1744 2281 1796 sic
2319 1748 2492 1813 portae

442 1822 606 1873 inferi
665 1822 1024 1890 praevalerent
1065 1825 1257 1873 contra
1308 1818 1618 1881 Ecclesiam,
1679 1838 1799 1871 cum
1856 1819 2243 1887 praevaluerint
2302 1823 2494 1871 contra

443 1896 859 1948 fundamentum
897 1895 1189 1948 evertendo
1229 1894 1381 1956 illud,
1435 1897 1489 1946 et
1530 1897 1713 1945 tamen
1764 1912 2041 1962 nunquam
2089 1894 2493 1961 praevaluerunt

442 1974 635 2022 contra
676 1970 984 2024 Ecclesiam.
1065 1970 1213 2039 Ergo
1254 1968 1448 2021 Petrus
1488 1987 1600 2020 non
1641 1971 1760 2020 erat
1785 1968 2197 2020 fundamentum
2224 1967 2492 2020 Ecclesiae.

442 2045 521 2097 De
561 2045 956 2098 successoribus
996 2043 1146 2097 Petri
1186 2047 1354 2112 patet,
1396 2042 1521 2111 quia
1570 2042 1729 2094 multi
1789 2061 1975 2094 eorum
2025 2042 2190 2095 etiam
2239 2043 2493 2094 canonice

443 2120 712 2173 intrantes
752 2119 994 2188 prolapsi
1033 2121 1162 2171 sunt
1220 2118 1280 2170 in
1319 2117 1582 2179 haeresim,
1643 2120 1698 2169 et
1755 2120 1987 2186 possunt
2046 2135 2139 2185 per
2199 2116 2492 2169 Ecclesiam

441 2194 639 2263 deponi
697 2198 752 2246 et
812 2193 1175 2256 condemnari,
1237 2192 1452 2262 quando
1511 2191 1868 2244 inveniuntur
1927 2211 1958 2243 a
2007 2191 2110 2243 fide
2162 2191 2317 2244 devii.
2411 2192 2489 2245 Cf.

442 2287 586 2338 cap:
630 2268 690 2322 Si
728 2267 886 2334 Papa
925 2268 984 2320 111
1023 2267 1156 2320 Jure
1196 2286 1312 2320 can.

590 2343 737 2413 Ergo
779 2343 1021 2395 Ecclesia
1060 2362 1172 2394 non
1213 2346 1379 2406 errat,
1421 2346 1475 2395 et
1514 2341 1660 2410 Papa
1701 2344 1863 2402 errat,
1919 2344 1972 2392 et
2025 2343 2208 2393 tamen
2261 2340 2304 2392 si
2344 2339 2490 2408 Papa

440 2423 580 2471 esset
618 2418 1030 2470 fundamentum
1070 2417 1341 2480 Ecclesiae,
1382 2435 1594 2469 necesse
1635 2419 1791 2480 esset,
1834 2415 1930 2467 illo
1959 2415 2240 2468 deficiente
2264 2414 2491 2467 interire

442 2492 751 2555 Ecclesiam,
793 2496 846 2544 et
887 2510 1000 2543 non
1039 2491 1238 2553 deficit,
1279 2491 1370 2543 sed
1408 2491 1592 2559 potius
1633 2494 1904 2542 errantem
1943 2489 2144 2558 Papam
2181 2489 2410 2560 corrigit
2436 2493 2488 2542 et

440 2567 600 2635 punit
641 2567 724 2618 vel
765 2565 974 2618 reducit
1014 2565 1081 2617 ad
1120 2565 1407 2617 veritatem
1449 2608 1458 2619 .
1503 2604 1515 2616 .
1559 2608 1569 2618 .

589 2640 768 2693 Verba
812 2658 933 2692 vero
975 2640 1098 2692 illa:
1139 2656 1204 2691 ne
1244 2638 1455 2704 deficiat
1478 2639 1613 2705 fides
1636 2642 1744 2700 tua,
1773 2638 2019 2706 sequitur
2042 2639 2183 2690 idem
2210 2638 2485 2702 Το3161113,

439 2716 516 2768 116
556 2707 915 2784 intelligenda
954 2717 1112 2767 sunt:
1153 2713 1284 2765 fides
1323 2712 1471 2766 Petri
1511 2711 1744 2765 sumitur
1786 2710 2091 2780 dupliciter.
2170 2711 2290 2764 Uno
2327 2712 2485 2764 modo

439 2809 541 2859 pro
582 2789 686 2842 fide
725 2788 1017 2858 personali,
1058 2788 1091 2839 i.
1135 2807 1177 2840 e.
1209 2806 1370 2856 quam
1395 2787 1509 2855 ipse
1535 2787 1754 2840 tenebat
1782 2785 2105 2853 specialiter,
2135 2786 2192 2837 in
2220 2790 2486 2854 quantum

438 2867 554 2917 erat
607 2883 714 2917 una
772 2881 1002 2932 persona
1041 2862 1260 2915 credens
1314 2861 1396 2913 vel
1446 2880 1611 2914 unum
1665 2860 1961 2911 membrum
2012 2859 2280 2912 Ecclesiae.
2358 2859 2484 2912 Alio

439 2939 596 2991 modo
637 2934 736 3007 pro
778 2938 899 3003 fide,
940 2956 1101 3006 quam
1141 2937 1418 2989 confessus
1458 2939 1571 2988 erat
1612 2935 1825 2997 Petrus,
1866 2953 1984 3002 quae
2025 2938 2141 2987 erat
2169 2933 2299 2986 fides
2339 2951 2484 2986 60111-

440 3013 615 3065 111111113
655 3013 924 3066 Ecclesiae.
1015 3011 1197 3063 Primo
1250 3011 1408 3064 modo
1460 3009 1658 3062 defecit
1708 3008 1838 3060 fides
1891 3008 2040 3061 Petri
2092 3008 2150 3060 in
2203 3007 2482 3076 passione3

440 3087 669 3139 secundo
710 3087 868 3140 modo
910 3087 1042 3139 fides
1082 3085 1249 3149 Petri,
1291 3103 1451 3154 quam
1490 3084 1764 3136 confessus
1804 3085 1886 3134 est
1938 3082 2052 3151 ipse
2091 3081 2302 3145 Petrus,
2342 3101 2483 3134 nun-

442 3179 601 3226 quam
652 3161 890 3216 deficiet:
948 3161 1075 3231 quia
1127 3179 1191 3214 ex
1244 3159 1344 3224 die,
1405 3178 1511 3228 qua
1558 3158 1794 3228 primum
1832 3157 2081 3226 plantata
2122 3160 2221 3221 est,
2272 3175 2482 3230 *semper

441 3234 657 3286 mansit.

588 3306 702 3359 Alii
742 3308 931 3362 dicunt
969 3313 1023 3362 et
1079 3310 1288 3373 melius,
1347 3308 1493 3379 quod
1551 3312 1722 3376 petra,
1782 3324 1941 3375 super
2001 3325 2160 3375 quam
2218 3306 2482 3359 fundatur

440 3380 695 3443 Ecclesia,
737 3385 818 3434 est
859 3382 1123 3436 Christus.
1202 3383 1316 3437 Alii
1365 3382 1539 3435 adhuc
1590 3380 1797 3443 111611113,
1851 3380 1996 3450 quod
2035 3385 2190 3449 petra
2240 3380 2330 3434 hic
2366 3399 2480 3433 non

438 3454 702 3524 accipitur
742 3474 840 3523 pro
883 3455 1044 3510 Petro
1084 3477 1183 3511 nec
1223 3476 1323 3528 pro
1364 3456 1601 3520 Christo,
1653 3454 1743 3508 sed
1793 3473 1891 3523 pro
1949 3454 2286 3508 confessione
2336 3453 2478 3519 fidei,

439 3548 601 3598 quam
647 3528 840 3582 Petrus
897 3529 1042 3583 fecit.
1141 3532 1380 3586 Ecclesia
1432 3531 1573 3584 enim
1626 3530 1685 3582 in
1743 3529 1846 3581 fide
1899 3528 2179 3593 fundatur,
2235 3534 2289 3582 et
2347 3527 2478 3582 fides

440 3607 665 3656 vocatur
715 3606 887 3672 petra,
939 3604 1066 3673 quia
1113 3607 1286 3659 solida
1324 3608 1523 3659 manet.
1600 3602 1741 3657 Nam
1778 3606 2068 3672 postquam
2120 3603 2282 3672 coepit
2329 3601 2477 3666 fides,

439 3695 646 3752 semper
682 3677 898 3747 mansit,
938 3682 995 3735 et
1020 3677 1139 3747 hoc,
1181 3681 1308 3754 quia
1335 3680 1584 3740 Christus
1611 3677 1807 3747 oravit,
1835 3681 1897 3736 ut
1923 3697 2199 3753 nunquam
2226 3677 2478 3734 deficeret
